accountspayable,accountsreceivable,accruedexpenses,accumulateddepreciation,acquisitions,amortizationexpense,aoci,apturnover,arturnover,assetturnover,augmentedpayoutratio,baseline_price,baseline_price_next_quarter,basicdilutedeps,basiceps,bookvaluepershare,capex,cashandequivalents,cashdividendspershare,cashincometaxespaid,cashinterestpaid,ccc,close_price,close_price_next_quarter,commitmentsandcontingencies,commonequity,commontocap,compoundleveragefactor,costofrevtorevenue,croic,currentdeferredrevenue,currentdeferredtaxassets,currentdeferredtaxliabilities,currentemployeebenefitliabilities,date,debt,debttoebitda,debttoequity,debttototalcapital,depreciationandamortization,depreciationexpense,dfcfnwc,dfnwc,dilutedeps,dio,divestitures,dividendyield,divpayoutratio,dpo,dso,earningsyield,ebit,ebitda,ebitdagrowth,ebitdamargin,ebitdaqoqgrowth,ebitgrowth,ebitmargin,ebitqoqgrowth,effectofexchangeratechanges,efftaxrate,employeebenefitassets,enterprisevalue,epsgrowth,epsqoqgrowth,evtoebit,evtoebitda,evtofcff,evtoinvestedcapital,evtonopat,evtoocf,evtorevenue,faturnover,fcffgrowth,fcffqoqgrowth,finleverage,freecashflow,goodwill,grossmargin,grossppe,incometaxexpense,increasedecreaseinoperatingcapital,intangibleassets,interestburdenpct,investedcapital,investedcapitalgrowth,investedcapitalincreasedecrease,investedcapitalqoqgrowth,investedcapitalturnover,invturnover,issuanceofcommonequity,issuanceofdebt,leverageratio,longtermdebt,longterminvestments,ltdebtandcapleases,ltdebttocap,ltdebttoequity,marketcap,netcashfromcontinuingfinancingactivities,netcashfromcontinuinginvestingactivities,netcashfromcontinuingoperatingactivities,netcashfromfinancingactivities,netcashfrominvestingactivities,netcashfromoperatingactivities,netchangeincash,netdebt,netincome,netincomecontinuing,netincomediscontinued,netincomegrowth,netincomeqoqgrowth,netincometocommon,netinventory,netnonopex,netnonopobligations,netppe,nnep,noncashadjustmentstonetincome,noncontrolinttocap,noncontrollinginterests,noncontrollinginterestsharingratio,noncurrentdeferredrevenue,noncurrentdeferredtaxassets,noncurrentemployeebenefitliabilities,noncurrentnotereceivables,nopat,nopatgrowth,nopatmargin,nopatqoqgrowth,notereceivable,nwc,ocfgrowth,ocfqoqgrowth,ocftocapex,operatingcostofrevenue,operatingmargin,operatingrevenue,opextorevenue,oroa,othercurrentliabilities,otherfinancingactivitiesnet,otherinvestingactivitiesnet,othernetchangesincash,othernoncurrentassets,othernoncurrentliabilities,otheroperatingexpenses,paymentofdividends,preferredtocap,prepaidexpenses,pricetobook,pricetoearnings,pricetorevenue,pricetotangiblebook,profitmargin,purchaseofinvestments,purchaseofplantpropertyandequipment,rdexpense,rdextorevenue,repaymentofdebt,repurchaseofcommonequity,retainedearnings,revenuegrowth,revenueqoqgrowth,rnnoa,roa,roce,roe,roic,roicnnepspread,saleofinvestments,saleofplantpropertyandequipment,sgaexpense,sgaextorevenue,shorttermdebt,shortterminvestments,stdebttocap,tangbookvaluepershare,taxburdenpct,ticker,totalassets,totalcapital,totalcommonequity,totalcostofrevenue,totalcurrentassets,totalcurrentliabilities,totalequity,totalequityandnoncontrollinginterests,totalgrossprofit,totalinterestexpense,totalliabilities,totalliabilitiesandequity,totalnoncurrentassets,totalnoncurrentliabilities,totaloperatingexpenses,totaloperatingincome,totalotherincome,totalpretaxincome,totalrevenue,treasurystock,weightedavebasicdilutedsharesos,weightedavebasicsharesos,weightedavedilutedsharesos
,,,,-182000000.0,312000000.0,,nm,nm,nm,nm,1537.69,1810.0442857142855,1.71,1.71,nm,599000000.0,,0.5,,,nm,77.1448966335735,83.5774454289899,,,nm,nm,0.565612,nm,,,,,2009-03-31,nm,nm,nm,nm,1229000000.0,917000000.0,nm,nm,1.7,nm,356000000.0,0.025925,nm,nm,nm,nm,3259000000.0,4488000000.0,nm,0.206715,nm,nm,0.150108,nm,-202000000.0,0.264894,,nm,nm,nm,nm,nm,nm,nm,nm,nm,nm,nm,nm,nm,nm,nm,,0.434388,,827000000.0,1024000000.0,,0.957963,nm,nm,nm,nm,nm,nm,242000000.0,1094000000.0,nm,,,nm,nm,nm,130753055000.0,-4582000000.0,-48000000.0,4387000000.0,-4583000000.0,-48000000.0,4386000000.0,-447000000.0,nm,2295000000.0,2295000000.0,,nm,nm,2295000000.0,,100709481.1,nm,,nm,-161000000.0,nm,,nm,,,,,2395709481.1,nm,0.110345,nm,,nm,nm,-0.337562,7.322204,12281000000.0,0.150108,21711000000.0,0.28428,nm,,,387000000.0,,,,-304000000.0,-675000000.0,nm,,nm,nm,nm,nm,0.105707,-922000000.0,-599000000.0,1212000000.0,0.055824,-3478000000.0,-1765000000.0,,nm,nm,nm,nm,nm,nm,nm,nm,912000000.0,,5264000000.0,0.242458,,,nm,nm,0.735106,IBM,,nm,,12280000000.0,,,,,9431000000.0,136000000.0,,,,,6172000000.0,3259000000.0,-136000000.0,3122000000.0,21711000000.0,,1342100000.0,1344300000.0,1349500000.0
5869000000.0,1179000000.0,,24721000000.0,-237000000.0,306000000.0,-21043000000.0,nm,nm,nm,nm,1810.0442857142855,2123.9362499999997,2.34,2.34,11.5042,705000000.0,11678000000.0,0.55,,,nm,83.5774454289899,96.1840561281094,,39774000000.0,0.342959,6.5455,0.544903,nm,10335000000.0,1652000000.0,2259000000.0,3901000000.0,2009-06-30,29372000000.0,nm,1.8983,0.654967,1242000000.0,936000000.0,3983000000.0,16509000000.0,2.32,nm,,0.030511,nm,nm,nm,nm,4362000000.0,5604000000.0,nm,0.241032,0.248663,0.101793,0.187613,0.338447,235000000.0,0.271938,2182000000.0,1.56539098e+11,0.177665,0.364706,nm,nm,nm,4.8437,nm,8.0334,nm,nm,nm,nm,1.0887,nm,18737000000.0,0.455097,38669000000.0,1159000000.0,306000000.0,2580000000.0,0.977075,32318000000.0,nm,nm,nm,nm,nm,280000000.0,875000000.0,6.6991,20868000000.0,,20868000000.0,0.465336,1.3487,139599098000.0,-3744000000.0,-1848000000.0,4741000000.0,-3743000000.0,-1849000000.0,4741000000.0,-616000000.0,16846000000.0,3103000000.0,3103000000.0,,0.122242,0.35207,3103000000.0,2691000000.0,72806194.3,16845000000.0,13948000000.0,0.004322,90000000.0,0.002096,94000000.0,nm,3283000000.0,6762000000.0,18459000000.0,10197000000.0,3175806194.3,0.106507,0.136594,0.325622,22677000000.0,8005000000.0,nm,0.080939,6.724823,12669000000.0,0.187613,23251000000.0,0.267484,nm,5562000000.0,,100000000.0,,4813000000.0,9141000000.0,-28000000.0,-732000000.0,0.0,3709000000.0,9.0767,nm,nm,nm,0.133462,-1408000000.0,-705000000.0,1132000000.0,0.048688,-2496000000.0,-1671000000.0,74328000000.0,-0.13311,0.070886,nm,nm,nm,nm,nm,nm,402000000.0,,5115000000.0,0.22,8504000000.0,848000000.0,0.189631,-4.4409,0.728062,IBM,103655000000.0,44845000000.0,15380000000.0,12669000000.0,44435000000.0,36430000000.0,15380000000.0,15473000000.0,10581000000.0,101000000.0,88182000000.0,103655000000.0,45271000000.0,51751000000.0,6219000000.0,4362000000.0,-101000000.0,4262000000.0,23250000000.0,-77679000000.0,1326100000.0,1326100000.0,1336900000.0
6145000000.0,1252000000.0,,25600000000.0,-182000000.0,305000000.0,-20487000000.0,nm,nm,nm,nm,2123.9362499999997,2273.19625,2.44,2.44,13.7468,817000000.0,9532000000.0,0.55,,,nm,96.1840561281094,105.731698929212,,40482000000.0,0.418462,5.5005,0.549011,nm,9703000000.0,1832000000.0,2213000000.0,4311000000.0,2009-09-30,25468000000.0,nm,1.3772,0.579332,1258000000.0,953000000.0,3859000000.0,15371000000.0,2.4,nm,50000000.0,0.021833,nm,nm,nm,nm,4457000000.0,5715000000.0,0.051905,0.24251,0.019807,0.099408,0.189128,0.021779,160000000.0,0.265035,2711000000.0,1.74116102e+11,0.176471,0.034483,nm,nm,nm,5.3658,nm,8.3126,nm,nm,nm,nm,0.7547,nm,19272000000.0,0.450946,39789000000.0,1159000000.0,587000000.0,2436000000.0,0.981153,32449000000.0,nm,nm,0.004053,nm,nm,980000000.0,445000000.0,5.6062,20583000000.0,,20583000000.0,0.46821,1.113,160062102000.0,-5167000000.0,-2339000000.0,5196000000.0,-5168000000.0,-2337000000.0,5198000000.0,-2147000000.0,13956000000.0,3214000000.0,3214000000.0,,0.138102,0.035772,3214000000.0,2546000000.0,61737022.6,13956000000.0,14189000000.0,0.004424,137000000.0,0.002229,98000000.0,nm,3348000000.0,6341000000.0,18427000000.0,10229000000.0,3275737022.6,0.114469,0.139003,0.031466,22370000000.0,10486000000.0,0.390583,0.096393,6.362301,12938000000.0,0.189128,23566000000.0,0.261818,nm,5704000000.0,,3000000.0,,5051000000.0,9863000000.0,5000000.0,-726000000.0,0.0,3934000000.0,8.7009,nm,nm,nm,0.136383,-2161000000.0,-817000000.0,1152000000.0,0.048884,-4937000000.0,-929000000.0,76812000000.0,-0.068611,0.013591,nm,nm,nm,nm,nm,nm,768000000.0,,5013000000.0,0.212722,4885000000.0,1980000000.0,0.111121,-2.475,0.734965,IBM,103675000000.0,43961000000.0,18396000000.0,12938000000.0,43446000000.0,32960000000.0,18396000000.0,18493000000.0,10627000000.0,84000000.0,85182000000.0,103675000000.0,46040000000.0,52221000000.0,6170000000.0,4457000000.0,-84000000.0,4373000000.0,23566000000.0,-78411000000.0,1317200000.0,1319900000.0,1338200000.0
7436000000.0,1143000000.0,,25431000000.0,-1223000000.0,298000000.0,-18830000000.0,7.1935,82.7292,0.8763,0.766406,2273.19625,2401.8687499999996,3.63,3.63,16.8762,996000000.0,12183000000.0,-1.6,1567000000.0,1240000000.0,-28.0864,105.731698929212,104.058687022904,,41810000000.0,0.463351,5.9369,0.517259,0.385511,10845000000.0,1730000000.0,3826000000.0,4505000000.0,2009-12-31,26100000000.0,1.1089,1.147,0.534234,1265000000.0,967000000.0,3127000000.0,17101000000.0,3.59,18.2419,-6000000.0,0.020334,0.213035,50.7403,4.412,0.07646,6464000000.0,7729000000.0,nm,0.283821,0.352406,nm,0.237368,0.450303,-95000000.0,0.24573,3001000000.0,1.87827075499e+11,nm,0.495833,10.1298,7.9804,nm,5.3848,13.686,9.0419,1.9615,6.727,nm,nm,0.5329,nm,20190000000.0,0.482778,39596000000.0,1568000000.0,274000000.0,2513000000.0,0.98716,34881000000.0,nm,nm,0.074948,2.7453,20.0089,1550000000.0,4269000000.0,6.0141,21932000000.0,,21932000000.0,0.44892,0.9638,175583075498.6,-1207000000.0,-2494000000.0,6449000000.0,-1206000000.0,-2495000000.0,6448000000.0,2652000000.0,12126000000.0,4813000000.0,4813000000.0,,nm,0.497511,4813000000.0,2494000000.0,62604450.7,12126000000.0,14165000000.0,0.005163,97000000.0,0.002415,118000000.0,0.006494,3562000000.0,4195000000.0,15953000000.0,10644000000.0,4875604450.7,nm,0.17904,0.488399,25650000000.0,12933000000.0,-0.026129,0.240477,6.473896,14084000000.0,0.237368,27231000000.0,0.24541,0.208012,5223000000.0,,-674000000.0,,5379000000.0,8819000000.0,-24000000.0,-727000000.0,0.0,3946000000.0,7.7565,13.0788,1.8336,nm,0.176741,-1113000000.0,-1326000000.0,1147000000.0,0.04212,-3235000000.0,-3064000000.0,80900000000.0,nm,0.155563,0.259176,0.154883,0.745819,0.750694,0.491518,0.486355,1517000000.0,330000000.0,5560000000.0,0.204172,4168000000.0,1791000000.0,0.085314,-0.0492,0.75427,IBM,109022000000.0,48855000000.0,22637000000.0,14086000000.0,48935000000.0,36002000000.0,22637000000.0,22755000000.0,13147000000.0,81000000.0,86267000000.0,109022000000.0,45922000000.0,50266000000.0,6683000000.0,6464000000.0,-81000000.0,6381000000.0,27232000000.0,-81243000000.0,1326600000.0,1327157410.0,1341352754.0
6345000000.0,1104000000.0,,25178000000.0,-970000000.0,286000000.0,-18178000000.0,8.2857,87.7763,0.9211,0.916466,2401.8687499999996,2213.88625,2.0,2.0,16.6707,758000000.0,12472000000.0,0.55,,,-22.3699,104.058687022904,100.713954455234,,42665000000.0,0.454568,4.643,0.563504,nm,11456000000.0,1565000000.0,2775000000.0,3701000000.0,2010-03-31,26319000000.0,1.1033,1.1883,0.543018,1210000000.0,924000000.0,2159000000.0,16136000000.0,1.97,17.5234,,0.021142,0.211419,44.0516,4.1583,0.081011,3596000000.0,4806000000.0,0.070856,0.210264,-0.378186,0.103406,0.157326,-0.443688,-81000000.0,0.260028,3289000000.0,1.819532e+11,0.158824,-0.451253,9.6379,7.6278,nm,5.2754,13.007,8.7377,1.8776,7.0013,nm,nm,0.5572,nm,20889000000.0,0.436453,39018000000.0,914000000.0,1033000000.0,2618000000.0,0.977475,34491000000.0,nm,nm,-0.011181,2.8096,20.8292,885000000.0,2863000000.0,4.75,21305000000.0,,21305000000.0,0.439568,0.9619,169495200000.0,-3369000000.0,-699000000.0,4435000000.0,-3368000000.0,-699000000.0,4437000000.0,289000000.0,12342000000.0,2601000000.0,2601000000.0,,0.133333,-0.459589,2601000000.0,2524000000.0,59937695.6,12342000000.0,13841000000.0,0.004856,-409000000.0,0.002393,116000000.0,0.005282,3456000000.0,3537000000.0,15216000000.0,9542000000.0,2660937695.6,0.11071,0.116417,-0.454234,22407000000.0,11122000000.0,0.011628,-0.31188,5.853562,12881000000.0,0.157326,22858000000.0,0.279127,0.14491,5285000000.0,,457000000.0,,5794000000.0,8506000000.0,-545000000.0,-718000000.0,0.0,4121000000.0,7.6931,12.344,1.7491,nm,0.113794,-1747000000.0,-758000000.0,1248000000.0,0.0546,-2382000000.0,-4017000000.0,82783000000.0,0.052784,-0.160657,0.179552,0.104814,0.503957,0.506634,0.327081,0.322225,2319000000.0,,5677000000.0,0.24837,5014000000.0,1505000000.0,0.10345,-1.1161,0.739972,IBM,105208000000.0,48468000000.0,22032000000.0,12880000000.0,45697000000.0,34575000000.0,22033000000.0,22149000000.0,9976000000.0,82000000.0,83059000000.0,105208000000.0,45669000000.0,48483000000.0,6380000000.0,3596000000.0,-82000000.0,3515000000.0,22857000000.0,-85238000000.0,1300500000.0,1301200000.0,1321600000.0
7233000000.0,1140000000.0,,24758000000.0,-326000000.0,284000000.0,-18510000000.0,8.0627,83.9836,0.9405,1.078778,2213.88625,2360.2855555555557,2.65,2.65,16.2405,828000000.0,10325000000.0,0.65,,,-22.6597,100.713954455234,109.955021325073,,43522000000.0,0.440325,5.5412,0.544385,nm,10671000000.0,1444000000.0,2895000000.0,4022000000.0,2010-06-30,26650000000.0,1.1059,1.2585,0.557228,1183000000.0,899000000.0,3294000000.0,15535000000.0,2.61,18.2642,,0.022837,0.214357,45.27,4.3461,0.087524,4665000000.0,5848000000.0,0.04354,0.246501,0.216812,0.069464,0.196636,0.297275,-220000000.0,0.260109,3575000000.0,1.74642516e+11,0.125,0.324873,9.1045,7.2472,nm,4.9078,12.2433,8.7986,1.7934,7.0867,nm,nm,0.8528,184590163.9,20544000000.0,0.455615,38292000000.0,1190000000.0,-940000000.0,2526000000.0,0.980707,35585000000.0,0.101089,3267000000.0,0.031718,2.8682,19.9845,942000000.0,1611000000.0,5.6502,21017000000.0,,21017000000.0,0.439447,0.9925,160116516000.0,-3746000000.0,-1946000000.0,3768000000.0,-3746000000.0,-1946000000.0,3766000000.0,-2147000000.0,14409000000.0,3386000000.0,3386000000.0,,0.091202,0.301807,3386000000.0,2595000000.0,65590163.9,14409000000.0,13534000000.0,0.004197,139000000.0,0.002446,117000000.0,0.00573,3341000000.0,3122000000.0,14598000000.0,9185000000.0,3451590163.9,0.086839,0.145489,0.297133,22352000000.0,9902000000.0,-0.205653,-0.151228,4.548309,12914000000.0,0.196636,23723000000.0,0.258978,0.18494,4539000000.0,,-175000000.0,,6038000000.0,8295000000.0,-95000000.0,-833000000.0,0.0,5124000000.0,7.6032,11.4255,1.6443,nm,0.142725,-2136000000.0,-828000000.0,1178000000.0,0.049654,-1362000000.0,-4104000000.0,85323000000.0,0.020387,0.037931,0.352282,0.134235,0.765162,0.769572,0.41729,0.413092,1519000000.0,,5061000000.0,0.213328,5633000000.0,1916000000.0,0.117781,-1.5509,0.740109,IBM,103420000000.0,47826000000.0,21059000000.0,12915000000.0,44895000000.0,34993000000.0,21059000000.0,21176000000.0,10809000000.0,90000000.0,82244000000.0,103420000000.0,44990000000.0,47251000000.0,6144000000.0,4665000000.0,-90000000.0,4575000000.0,23724000000.0,-89276000000.0,1277700000.0,1278600000.0,1296700000.0
7084000000.0,1187000000.0,,25927000000.0,-2130000000.0,289000000.0,-17479000000.0,8.0355,80.4297,0.9304,1.246369,2360.2855555555557,2664.7025,2.86,2.86,17.4709,862000000.0,9859000000.0,0.65,,,-23.1162,109.955021325073,120.833577531041,,44328000000.0,0.446401,5.0585,0.546743,nm,10499000000.0,1596000000.0,2908000000.0,4651000000.0,2010-09-30,27455000000.0,1.1271,1.2279,0.55115,1203000000.0,914000000.0,3496000000.0,14582000000.0,2.82,17.769,,0.021827,0.215164,45.4233,4.5381,0.084278,4772000000.0,5975000000.0,0.045494,0.246179,0.021717,0.070675,0.196613,0.022937,218000000.0,0.232628,4379000000.0,1.87223392e+11,0.175,0.08046,9.6027,7.6863,nm,4.8346,12.7795,9.7502,1.9088,6.9568,nm,-15.167058,0.7423,-2615099636.5,22703000000.0,0.453257,39936000000.0,1088000000.0,-314000000.0,3047000000.0,0.980092,38726000000.0,0.193442,6277000000.0,0.088268,2.7561,20.5414,798000000.0,1596000000.0,5.1613,21899000000.0,,21899000000.0,0.439615,0.9794,170733392000.0,-3454000000.0,-1780000000.0,4551000000.0,-3455000000.0,-1780000000.0,4551000000.0,-466000000.0,16369000000.0,3589000000.0,3589000000.0,,0.116677,0.059953,3589000000.0,2629000000.0,72900363.5,16367000000.0,14009000000.0,0.004808,73000000.0,0.002429,121000000.0,0.005361,3487000000.0,2953000000.0,15145000000.0,9448000000.0,3661900363.5,0.117886,0.150876,0.060931,23309000000.0,9026000000.0,-0.124471,0.208444,5.279582,13270000000.0,0.196613,24271000000.0,0.256644,0.182923,4745000000.0,,-109000000.0,,6166000000.0,8842000000.0,-106000000.0,-818000000.0,0.0,4661000000.0,7.6779,11.8655,1.7407,nm,0.147872,-1354000000.0,-1447000000.0,1186000000.0,0.048865,-1378000000.0,-3653000000.0,88095000000.0,0.029916,0.023057,0.30509,0.137576,0.717058,0.720923,0.415834,0.411025,2675000000.0,585000000.0,5149000000.0,0.212146,5556000000.0,1227000000.0,0.111535,-2.7601,0.767372,IBM,107174000000.0,49814000000.0,22237000000.0,13270000000.0,44469000000.0,35443000000.0,22238000000.0,22359000000.0,11001000000.0,95000000.0,84815000000.0,107174000000.0,48696000000.0,49373000000.0,6229000000.0,4772000000.0,-95000000.0,4677000000.0,24271000000.0,-92707000000.0,1254900000.0,1255200000.0,1272800000.0
7804000000.0,11968000000.0,,26193000000.0,-3065000000.0,315000000.0,-18743000000.0,7.0678,15.2345,0.8978,1.250725,2664.7025,2733.241111111111,4.18,4.18,17.9018,967000000.0,10661000000.0,-1.85,3238000000.0,951000000.0,-10.9303,120.833577531041,134.787842533622,0.0,45418000000.0,0.444938,4.7734,0.509753,0.262483,11580000000.0,1564000000.0,4216000000.0,5028000000.0,2010-12-31,28624000000.0,1.1485,1.2353,0.55263,1235000000.0,920000000.0,2681000000.0,14332000000.0,4.12,16.7533,55000000.0,0.02069,0.214185,51.6423,23.9587,0.07851,7059000000.0,8294000000.0,0.073101,0.285823,0.388117,0.092048,0.243263,0.479254,-52000000.0,0.244106,3068000000.0,2.06031276743e+11,0.147632,0.460993,10.2544,8.2667,20.9243,5.1322,13.635,10.5392,2.063,7.0677,nm,1.027478,0.6336,71857101.8,25136000000.0,0.490316,40289000000.0,1698000000.0,278000000.0,3488000000.0,0.985409,40145000000.0,0.150913,5264000000.0,0.036642,2.6623,21.7868,1149000000.0,2802000000.0,4.8441,21846000000.0,,21846000000.0,0.42177,0.9428,188932276742.9,-1860000000.0,-4082000000.0,6795000000.0,-1860000000.0,-4082000000.0,6795000000.0,802000000.0,16973000000.0,5257000000.0,5257000000.0,,0.09225,0.464753,5257000000.0,2450000000.0,78857101.8,16973000000.0,14096000000.0,0.00542,25000000.0,0.002433,126000000.0,0.005313,3666000000.0,3220000000.0,15978000000.0,10548000000.0,5335857101.8,0.094399,0.183881,0.457128,16257000000.0,7554000000.0,0.053815,0.493078,7.026887,14792000000.0,0.243263,29019000000.0,0.247054,0.218404,5156000000.0,,-578000000.0,,5778000000.0,8226000000.0,-41000000.0,-808000000.0,0.0,4226000000.0,8.1981,12.7373,1.8918,nm,0.181163,-892000000.0,-1152000000.0,1260000000.0,0.043421,-1400000000.0,-3601000000.0,92532000000.0,0.065585,0.195583,0.306736,0.162651,0.792048,0.796278,0.489542,0.484122,1364000000.0,185000000.0,5950000000.0,0.205045,6778000000.0,990000000.0,0.13086,-4.3329,0.75575,IBM,113452000000.0,51796000000.0,23046000000.0,14792000000.0,48116000000.0,40562000000.0,23046000000.0,23172000000.0,14228000000.0,101000000.0,90279000000.0,113452000000.0,51238000000.0,49716000000.0,7169000000.0,7059000000.0,-101000000.0,6956000000.0,29018000000.0,-96161000000.0,1268900000.0,1268789202.0,1287355388.0
6747000000.0,1145000000.0,,26557000000.0,-194000000.0,310000000.0,-18119000000.0,8.3602,90.3691,0.9316,1.235972,2733.241111111111,2695.2611111111114,2.34,2.34,18.2831,915000000.0,12763000000.0,0.65,,,-22.7027,134.787842533622,142.426794870044,,46278000000.0,0.427489,4.742,0.558743,0.271559,12820000000.0,1695000000.0,2531000000.0,4446000000.0,2011-03-31,30257000000.0,1.1981,1.3285,0.570532,1228000000.0,918000000.0,2400000000.0,15645000000.0,2.31,16.9174,,0.01929,0.215568,43.6591,4.039,0.074651,3909000000.0,5137000000.0,0.068872,0.208762,-0.380637,0.087041,0.158857,-0.446239,126000000.0,0.249935,3788000000.0,2.193228e+11,0.172589,-0.43932,10.7485,8.6847,21.7465,5.5124,14.2589,11.6019,2.1583,7.2459,nm,-33.898543,0.6534,-2363993974.3,25408000000.0,0.441257,40765000000.0,954000000.0,-147000000.0,3324000000.0,0.976465,39787000000.0,0.153547,5296000000.0,-0.008918,2.7362,21.5754,877000000.0,3189000000.0,4.8563,21749000000.0,,21749000000.0,0.410103,0.9549,202206800000.0,-2314000000.0,498000000.0,3792000000.0,-2314000000.0,498000000.0,3792000000.0,2102000000.0,17012000000.0,2863000000.0,2863000000.0,,0.10073,-0.455393,2863000000.0,2549000000.0,69006025.7,17011000000.0,14208000000.0,0.004702,-150000000.0,0.001961,104000000.0,0.004942,3724000000.0,3076000000.0,15995000000.0,10254000000.0,2932006025.7,0.101869,0.119153,-0.450509,24513000000.0,7137000000.0,-0.145368,-0.441943,4.144262,13749000000.0,0.158857,24607000000.0,0.282399,0.147988,5336000000.0,,541000000.0,,5380000000.0,8330000000.0,-202000000.0,-795000000.0,0.0,4376000000.0,8.9192,13.3956,1.9898,nm,0.116349,-415000000.0,-1002000000.0,1325000000.0,0.053846,-1539000000.0,-4045000000.0,94590000000.0,0.076563,-0.152009,0.209948,0.108388,0.533327,0.535976,0.326028,0.321326,1481000000.0,87000000.0,5826000000.0,0.236762,8508000000.0,482000000.0,0.160428,-4.8879,0.750065,IBM,112960000000.0,53033000000.0,22671000000.0,13749000000.0,47524000000.0,40387000000.0,22671000000.0,22776000000.0,10858000000.0,93000000.0,90185000000.0,112960000000.0,51230000000.0,49798000000.0,6949000000.0,3909000000.0,-93000000.0,3817000000.0,24607000000.0,-100078000000.0,1223500000.0,1222200000.0,1240000000.0
7112000000.0,11666000000.0,,26887000000.0,-250000000.0,309000000.0,-17109000000.0,7.8206,16.3302,0.9642,1.209979,2695.2611111111114,2502.065555555556,3.04,3.04,18.9348,810000000.0,11714000000.0,0.75,,,-7.5063,142.426794870044,145.838254595245,,46975000000.0,0.436498,4.7895,0.535588,0.26132,12660000000.0,1557000000.0,2363000000.0,4706000000.0,2011-06-30,29773000000.0,1.1631,1.2828,0.561935,1207000000.0,898000000.0,3188000000.0,14952000000.0,3.0,16.8142,4000000.0,0.018957,0.216353,46.6718,22.3513,0.073369,4984000000.0,6191000000.0,0.058653,0.232168,0.205178,0.068382,0.186905,0.275006,159000000.0,0.249949,4855000000.0,2.2762417e+11,0.149425,0.298701,10.9836,8.8926,22.6828,5.5224,14.5279,11.7229,2.1769,7.5298,-11.264604,0.198498,0.7303,-1894744933.5,25609000000.0,0.464449,41126000000.0,1221000000.0,-692000000.0,3205000000.0,0.980136,41218000000.0,0.158297,5633000000.0,0.035967,2.7229,21.7078,674000000.0,1350000000.0,4.8865,21915000000.0,,21915000000.0,0.413623,0.9442,209531170000.0,-4903000000.0,-584000000.0,4279000000.0,-4903000000.0,-584000000.0,4279000000.0,-1048000000.0,18009000000.0,3663000000.0,3663000000.0,,0.082103,0.279776,3664000000.0,2573000000.0,74255066.5,18008000000.0,14239000000.0,0.004581,99000000.0,0.001585,84000000.0,0.004506,3641000000.0,2877000000.0,16014000000.0,10422000000.0,3738255066.5,0.083053,0.140188,0.274982,14715000000.0,7094000000.0,0.136219,0.128428,5.282716,14282000000.0,0.186905,26666000000.0,0.277544,0.180209,5144000000.0,,-63000000.0,,5329000000.0,8851000000.0,97000000.0,-905000000.0,0.0,4662000000.0,9.06,13.6298,2.0039,nm,0.137403,-359000000.0,-1059000000.0,1274000000.0,0.047776,-2048000000.0,-3976000000.0,97334000000.0,0.124009,0.083675,0.275435,0.132481,0.654187,0.657148,0.381713,0.377132,894000000.0,249000000.0,6030000000.0,0.226131,7858000000.0,50000000.0,0.148312,-4.6561,0.750051,IBM,113474000000.0,52983000000.0,23127000000.0,14282000000.0,46937000000.0,39843000000.0,23127000000.0,23210000000.0,12385000000.0,97000000.0,90263000000.0,113474000000.0,52297000000.0,50421000000.0,7401000000.0,4984000000.0,-97000000.0,4885000000.0,26666000000.0,-104073000000.0,1205300000.0,1204800000.0,1221400000.0
7093000000.0,10842000000.0,,26252000000.0,-200000000.0,307000000.0,-18099000000.0,8.014,17.6986,0.9796,1.182039,2502.065555555556,2604.3042857142855,3.23,3.23,18.5003,855000000.0,11303000000.0,0.75,,,-7.9211,145.838254595245,153.966651921707,,47558000000.0,0.424283,4.7558,0.534618,0.33563,11252000000.0,1247000000.0,2360000000.0,4826000000.0,2011-09-30,30160000000.0,1.1623,1.3478,0.574061,1192000000.0,885000000.0,4113000000.0,15416000000.0,3.19,17.0012,,0.019199,0.217692,45.5455,20.6231,0.074148,5135000000.0,6327000000.0,0.058912,0.241886,0.021967,0.076069,0.196315,0.030297,-615000000.0,0.236324,5131000000.0,2.29644863e+11,0.131206,0.063333,10.8904,8.8499,17.1139,5.5692,14.418,11.7495,2.1573,7.6318,1.540124,1.745471,0.7874,1412477024.1,24913000000.0,0.465382,40139000000.0,1188000000.0,-649000000.0,3033000000.0,0.978968,41235000000.0,0.064789,2509000000.0,0.000412,2.6625,21.469,478000000.0,2229000000.0,4.858,24089000000.0,,24089000000.0,0.458506,1.0765,210700863000.0,-3669000000.0,-805000000.0,4679000000.0,-3669000000.0,-805000000.0,4679000000.0,-411000000.0,18857000000.0,3839000000.0,3839000000.0,,0.069657,0.047762,3839000000.0,2663000000.0,82477024.1,18857000000.0,13887000000.0,0.004683,297000000.0,0.001656,87000000.0,0.004672,3634000000.0,2570000000.0,15375000000.0,9830000000.0,3921477024.1,0.070886,0.149921,0.049013,14145000000.0,9345000000.0,0.028126,0.09348,5.472515,13984000000.0,0.196315,26157000000.0,0.269068,0.192308,4426000000.0,,56000000.0,,5422000000.0,8654000000.0,128000000.0,-893000000.0,0.0,5172000000.0,9.4523,13.4866,1.9794,nm,0.146768,-382000000.0,-999000000.0,1248000000.0,0.047712,-2038000000.0,-3444000000.0,100266000000.0,0.077706,-0.019088,0.310597,0.143772,0.706445,0.709761,0.399164,0.394481,575000000.0,144000000.0,5662000000.0,0.216462,6071000000.0,,0.115554,-4.6933,0.763676,IBM,110158000000.0,52538000000.0,22291000000.0,13984000000.0,45373000000.0,36028000000.0,22291000000.0,22378000000.0,12173000000.0,107000000.0,87781000000.0,110158000000.0,50899000000.0,51752000000.0,7038000000.0,5135000000.0,-107000000.0,5027000000.0,26157000000.0,-107434000000.0,1188500000.0,1188600000.0,1204900000.0
8517000000.0,12660000000.0,,26241000000.0,-1726000000.0,300000000.0,-21885000000.0,6.9577,8.6825,0.9302,1.168023,2604.3042857142855,3092.6712500000003,4.64,4.64,16.5913,920000000.0,11922000000.0,-2.15,4168000000.0,956000000.0,5.7946,153.966651921707,175.386191580802,0.0,48129000000.0,0.390604,5.2156,0.500678,0.418092,12197000000.0,1601000000.0,3313000000.0,5099000000.0,2011-12-31,31320000000.0,1.1941,1.5477,0.607495,1188000000.0,888000000.0,5346000000.0,17268000000.0,4.56,16.216,10000000.0,0.018835,0.219048,52.4602,42.0387,0.071039,7386000000.0,8574000000.0,0.033759,0.290782,0.355145,0.046324,0.250492,0.438364,-163000000.0,0.245395,2843000000.0,2.42682657082e+11,0.106796,0.429467,11.3329,9.2525,14.5517,6.1232,15.0126,12.2283,2.2698,7.6426,83.689135,3.3084,0.8379,6085515809.7,26213000000.0,0.499288,40124000000.0,1785000000.0,310000000.0,3392000000.0,0.984836,39633000000.0,-0.012754,-512000000.0,-0.03885,2.6803,22.5086,424000000.0,4549000000.0,5.2959,22857000000.0,,22857000000.0,0.443343,1.1295,223187657081.8,-2810000000.0,-3505000000.0,7096000000.0,-2810000000.0,-3505000000.0,7096000000.0,619000000.0,19398000000.0,5490000000.0,5490000000.0,,0.044132,0.429799,5489000000.0,2595000000.0,84515809.7,19397000000.0,13883000000.0,0.004648,109000000.0,0.001881,97000000.0,0.00516,3847000000.0,3503000000.0,18374000000.0,10776000000.0,5573515809.7,0.04454,0.189022,0.42128,16901000000.0,8805000000.0,0.044297,0.516563,7.713043,14763000000.0,0.250492,29486000000.0,0.248796,0.233,4535000000.0,,-825000000.0,,4895000000.0,8996000000.0,-43000000.0,-880000000.0,0.0,5249000000.0,11.0829,14.0768,2.0875,nm,0.186156,-438000000.0,-1048000000.0,1303000000.0,0.04419,-3322000000.0,-3581000000.0,104857000000.0,0.016128,0.12727,0.420605,0.173157,0.922464,0.927249,0.506644,0.501996,395000000.0,128000000.0,6076000000.0,0.206064,8463000000.0,0.0,0.164152,-7.7997,0.754605,IBM,116433000000.0,51556000000.0,20138000000.0,14763000000.0,50928000000.0,42123000000.0,20138000000.0,20236000000.0,14722000000.0,114000000.0,96197000000.0,116433000000.0,51622000000.0,54074000000.0,7336000000.0,7386000000.0,-114000000.0,7274000000.0,29486000000.0,-110963000000.0,1196600000.0,1196951006.0,1213767985.0
7416000000.0,11681000000.0,,26496000000.0,-1479000000.0,310000000.0,-21115000000.0,7.9904,16.6821,0.9372,1.093785,3092.6712500000003,2879.0075,2.65,2.65,17.6299,842000000.0,11835000000.0,0.75,,,-6.6963,175.386191580802,165.093429706172,,48800000000.0,0.391797,5.0978,0.549386,0.390404,13269000000.0,1617000000.0,2184000000.0,4370000000.0,2012-03-31,32053000000.0,1.2237,1.5423,0.606651,1157000000.0,847000000.0,4596000000.0,16931000000.0,2.61,17.1037,,0.017105,0.220949,45.6798,21.8798,0.065544,3944000000.0,5101000000.0,-0.007008,0.206744,-0.405062,0.008954,0.159851,-0.466017,167000000.0,0.200469,2974000000.0,2.6479683e+11,0.12987,-0.427632,12.3454,10.1095,16.896,6.5382,16.1607,13.0153,2.4752,7.5998,2.032299,-0.598991,0.8432,2440349322.2,27468000000.0,0.450614,40441000000.0,769000000.0,43000000.0,3641000000.0,0.972617,40500000000.0,0.01792,713000000.0,0.021876,2.665,21.3404,619000000.0,3906000000.0,5.2413,25760000000.0,,25760000000.0,0.487546,1.2395,244996830000.0,-2316000000.0,-2230000000.0,4291000000.0,-2316000000.0,-2230000000.0,4291000000.0,-87000000.0,19718000000.0,3066000000.0,3066000000.0,,0.070905,-0.441428,3066000000.0,2754000000.0,87349322.2,19717000000.0,13946000000.0,0.004757,25000000.0,0.001552,82000000.0,0.004293,3904000000.0,3100000000.0,17579000000.0,10549000000.0,3153349322.2,0.075492,0.127806,-0.434226,15160000000.0,10638000000.0,0.131593,-0.395293,5.0962,13554000000.0,0.159851,24673000000.0,0.290763,0.149808,4677000000.0,,636000000.0,1000000.0,4822000000.0,9112000000.0,-58000000.0,-870000000.0,0.0,5299000000.0,11.835,15.257,2.2901,nm,0.124265,-1227000000.0,-937000000.0,1346000000.0,0.054554,-2955000000.0,-3015000000.0,107036000000.0,0.002682,-0.16323,0.283177,0.116459,0.621099,0.623777,0.340601,0.335844,681000000.0,95000000.0,5886000000.0,0.23856,6293000000.0,500000000.0,0.119104,-8.8639,0.79927,IBM,115347000000.0,52836000000.0,20701000000.0,13555000000.0,48847000000.0,38209000000.0,20701000000.0,20783000000.0,11118000000.0,110000000.0,94563000000.0,115347000000.0,52554000000.0,56355000000.0,7174000000.0,3944000000.0,-110000000.0,3836000000.0,24673000000.0,-114020000000.0,1157000000.0,1159100000.0,1174200000.0
7482000000.0,11875000000.0,,26293000000.0,-766000000.0,317000000.0,-21498000000.0,7.6475,9.014,0.9335,1.022919,2879.0075,3140.137142857143,3.38,3.38,17.6186,1118000000.0,10864000000.0,0.85,,,10.1992,165.093429706172,175.861018861767,,49157000000.0,0.38626,5.0777,0.523678,0.385934,12311000000.0,1478000000.0,2183000000.0,4656000000.0,2012-06-30,32435000000.0,1.226,1.5773,0.612004,1176000000.0,859000000.0,4971000000.0,16158000000.0,3.34,17.4344,13000000.0,0.018777,0.222488,47.7279,40.4927,0.071619,5278000000.0,6454000000.0,0.042481,0.25032,0.265242,0.058989,0.204709,0.338235,-360000000.0,0.248014,2862000000.0,2.48584402e+11,0.113333,0.279693,11.4328,9.3961,15.5151,5.9453,14.9605,12.1255,2.3429,7.5505,2.781233,0.382991,0.8968,3374982367.8,27735000000.0,0.476322,40158000000.0,1280000000.0,-807000000.0,3657000000.0,0.977833,41812000000.0,0.014411,594000000.0,0.032395,2.5557,20.9357,299000000.0,3653000000.0,5.1928,24766000000.0,,24766000000.0,0.467301,1.2044,227244402000.0,-3362000000.0,-1683000000.0,4435000000.0,-3362000000.0,-1683000000.0,4435000000.0,-971000000.0,21248000000.0,3882000000.0,3882000000.0,,0.059225,0.265819,3881000000.0,2758000000.0,87982367.8,21249000000.0,13865000000.0,0.004482,185000000.0,0.001736,92000000.0,0.003998,3889000000.0,2795000000.0,16544000000.0,10795000000.0,3968982367.8,0.061721,0.153938,0.258656,14982000000.0,8489000000.0,0.036457,0.033559,3.966905,13502000000.0,0.204709,25782000000.0,0.271613,0.191102,4602000000.0,,50000000.0,-1000000.0,4730000000.0,9166000000.0,-132000000.0,-978000000.0,0.0,5113000000.0,11.1008,13.9628,2.1418,nm,0.150526,-428000000.0,-1198000000.0,1298000000.0,0.050343,-3350000000.0,-2987000000.0,109928000000.0,-0.033113,0.044988,0.348808,0.140521,0.739256,0.742224,0.393416,0.388934,566000000.0,80000000.0,5837000000.0,0.226389,7669000000.0,323000000.0,0.144704,-9.3993,0.751986,IBM,113832000000.0,52998000000.0,20471000000.0,13502000000.0,47392000000.0,38903000000.0,20472000000.0,20563000000.0,12281000000.0,117000000.0,93269000000.0,113832000000.0,52574000000.0,54365000000.0,7003000000.0,5278000000.0,-117000000.0,5161000000.0,25783000000.0,-117116000000.0,1148200000.0,1149000000.0,1161900000.0
7085000000.0,11838000000.0,,26688000000.0,-497000000.0,325000000.0,-20720000000.0,7.7354,9.2318,0.9267,1.000308,3140.137142857143,2998.25,3.36,3.36,18.7427,889000000.0,11909000000.0,0.85,,,9.8205,175.861018861767,163.104193773367,,49603000000.0,0.389298,5.0064,0.525963,0.35028,11230000000.0,1522000000.0,2147000000.0,4730000000.0,2012-09-30,33667000000.0,1.2695,1.5539,0.608443,1191000000.0,866000000.0,5722000000.0,17976000000.0,3.33,17.4692,574000000.0,0.018196,0.227306,47.1859,39.5371,0.068198,5199000000.0,6390000000.0,0.009957,0.258213,-0.009916,0.012463,0.210086,-0.014968,37000000.0,0.246551,3424000000.0,2.59961285e+11,0.043887,-0.002994,11.921,9.8028,17.6043,6.0344,15.6491,12.7833,2.4832,7.5008,0.467055,-0.386017,0.9143,2072181119.4,28270000000.0,0.474078,40716000000.0,1251000000.0,-104000000.0,3565000000.0,0.975957,43080000000.0,0.044744,1845000000.0,0.030326,2.4833,20.8939,280000000.0,2030000000.0,5.1298,24333000000.0,,24333000000.0,0.439756,1.1231,238422285000.0,-2507000000.0,-999000000.0,4514000000.0,-2507000000.0,-999000000.0,4514000000.0,1045000000.0,21413000000.0,3823000000.0,3823000000.0,,-0.003907,-0.014687,3824000000.0,2586000000.0,93181119.4,21414000000.0,14027000000.0,0.004628,-397000000.0,0.002277,126000000.0,0.004813,4263000000.0,2555000000.0,16682000000.0,10791000000.0,3917181119.4,-0.001095,0.158289,-0.013052,14925000000.0,8642000000.0,-0.035264,0.017813,5.077615,13015000000.0,0.210086,24747000000.0,0.263992,0.19469,4973000000.0,,32000000.0,,5006000000.0,9335000000.0,-606000000.0,-968000000.0,0.0,5016000000.0,11.0683,14.6631,2.2774,nm,0.154524,-941000000.0,-947000000.0,1231000000.0,0.049743,-863000000.0,-2986000000.0,112773000000.0,-0.053905,-0.040182,0.355173,0.143199,0.744648,0.748249,0.393077,0.388449,724000000.0,58000000.0,5908000000.0,0.238736,9334000000.0,345000000.0,0.168688,-8.9568,0.753646,IBM,115778000000.0,55333000000.0,21541000000.0,13016000000.0,48141000000.0,39499000000.0,21541000000.0,21666000000.0,11732000000.0,124000000.0,94112000000.0,115778000000.0,53611000000.0,54613000000.0,6533000000.0,5199000000.0,-124000000.0,5074000000.0,24747000000.0,-120115000000.0,1138100000.0,1137200000.0,1149300000.0
7952000000.0,12540000000.0,,26505000000.0,-1615000000.0,332000000.0,-25759000000.0,6.3772,8.1646,0.8731,0.949651,2998.25,3246.57,5.14,5.14,16.3235,823000000.0,10412000000.0,-2.45,3169000000.0,1009000000.0,4.4365,163.104193773367,182.392233419179,0.0,50110000000.0,0.360955,5.932,0.449568,0.392609,11952000000.0,1415000000.0,4948000000.0,4745000000.0,2012-12-31,33269000000.0,1.2021,1.7525,0.636691,1152000000.0,820000000.0,3860000000.0,14989000000.0,5.09,16.9666,12000000.0,0.024831,0.227234,57.2352,44.7052,0.07502,8578000000.0,9730000000.0,0.134826,0.351632,0.522692,0.161386,0.31,0.649933,40000000.0,0.264612,945000000.0,2.43590316671e+11,0.116228,0.528529,10.5913,8.8018,15.3654,5.9232,14.0437,12.437,2.3679,7.38,-0.208587,1.324197,1.0591,4816157279.5,29247000000.0,0.550396,40501000000.0,2241000000.0,-784000000.0,3787000000.0,0.987293,41125000000.0,0.037645,1492000000.0,-0.045381,2.5477,21.5129,342000000.0,2653000000.0,6.0083,24088000000.0,,24088000000.0,0.460988,1.2689,221326316671.4,-3791000000.0,-4092000000.0,6346000000.0,-3791000000.0,-4092000000.0,6346000000.0,-1498000000.0,22140000000.0,5833000000.0,5833000000.0,-395000000.0,0.062671,0.525366,5833000000.0,2287000000.0,475157279.5,22141000000.0,13996000000.0,0.022878,146000000.0,0.002373,124000000.0,0.005635,4491000000.0,3973000000.0,20418000000.0,12812000000.0,6308157279.5,0.131809,0.22797,0.610382,18038000000.0,5808000000.0,-0.105693,0.405848,7.710814,12442000000.0,0.31,27672000000.0,0.240396,0.270668,4847000000.0,,-1326000000.0,,5021000000.0,7607000000.0,-47000000.0,-957000000.0,0.0,4024000000.0,11.7346,13.3297,2.1514,nm,0.210798,-1513000000.0,-1000000000.0,867000000.0,0.031332,-2822000000.0,-3007000000.0,117641000000.0,-0.061555,0.118156,0.590898,0.184053,1.165097,1.171699,0.580801,0.557923,1171000000.0,177000000.0,5832000000.0,0.210762,9181000000.0,717000000.0,0.175703,-12.2662,0.688747,IBM,119213000000.0,52253000000.0,18861000000.0,12440000000.0,49433000000.0,43625000000.0,18860000000.0,18984000000.0,15230000000.0,108000000.0,100229000000.0,119213000000.0,55785000000.0,56604000000.0,6652000000.0,8578000000.0,-108000000.0,8469000000.0,27671000000.0,-123131000000.0,1142700000.0,1142508521.0,1155449317.0
7203000000.0,12055000000.0,,26459000000.0,-197000000.0,331000000.0,-25466000000.0,7.0713,8.5616,0.8737,0.930839,3246.57,3367.4085714285716,2.72,2.72,16.9858,591000000.0,10585000000.0,0.85,,,9.2874,182.392233419179,164.175593210259,,50522000000.0,0.36289,5.6678,0.543831,0.423688,12971000000.0,1592000000.0,4678000000.0,3964000000.0,2013-03-31,33397000000.0,1.2177,1.7382,0.634791,1153000000.0,822000000.0,3560000000.0,15552000000.0,2.7,18.2719,10000000.0,0.022753,0.232408,51.6168,42.6322,0.069114,3700000000.0,4853000000.0,-0.048618,0.207322,-0.501233,-0.061866,0.158066,-0.568664,-121000000.0,0.159179,903000000.0,2.612762e+11,0.034483,-0.469548,11.4821,9.5262,15.2043,6.4325,15.1006,13.525,2.5714,7.3782,0.226479,-0.378542,1.0281,2993037160.3,29025000000.0,0.456169,40056000000.0,574000000.0,-244000000.0,3601000000.0,0.974595,40618000000.0,0.002914,118000000.0,-0.012328,2.5052,19.976,356000000.0,2685000000.0,5.8156,24672000000.0,,24672000000.0,0.468951,1.2841,239749200000.0,-2716000000.0,-1012000000.0,4023000000.0,-2716000000.0,-1012000000.0,4023000000.0,173000000.0,21405000000.0,3032000000.0,3032000000.0,,-0.011089,-0.480199,3032000000.0,2421000000.0,79037160.3,21404000000.0,13597000000.0,0.003844,82000000.0,0.002319,122000000.0,0.0051,4409000000.0,4227000000.0,19069000000.0,11946000000.0,3111037160.3,-0.013418,0.132905,-0.506823,16141000000.0,6827000000.0,-0.062456,-0.366057,6.807107,12730000000.0,0.158066,23408000000.0,0.298103,0.138096,4583000000.0,,732000000.0,-1000000.0,5011000000.0,7771000000.0,-60000000.0,-948000000.0,0.0,4747000000.0,12.5576,14.4689,2.3595,nm,0.129528,-2136000000.0,-714000000.0,1461000000.0,0.062415,-2216000000.0,-2593000000.0,119713000000.0,-0.051271,-0.15406,0.33836,0.113164,0.667891,0.671315,0.332955,0.329111,1169000000.0,123000000.0,5577000000.0,0.238252,8725000000.0,1407000000.0,0.16584,-12.0409,0.840821,IBM,117258000000.0,52611000000.0,19092000000.0,12730000000.0,48949000000.0,42122000000.0,19092000000.0,19214000000.0,10678000000.0,94000000.0,98044000000.0,117258000000.0,54713000000.0,55921000000.0,6978000000.0,3700000000.0,-94000000.0,3606000000.0,23408000000.0,-125677000000.0,1114700000.0,1113700000.0,1124000000.0
6821000000.0,12175000000.0,,26196000000.0,-257000000.0,326000000.0,-25774000000.0,7.1283,8.3784,0.88,1.009048,3367.4085714285716,3772.8385714285714,2.93,2.93,16.005,802000000.0,9558000000.0,0.95,,,10.7827,164.175593210259,159.88282877824,,50886000000.0,0.341429,5.8184,0.51324,0.402571,12241000000.0,1584000000.0,4708000000.0,4223000000.0,2013-06-30,34122000000.0,1.2949,1.9081,0.656129,1136000000.0,810000000.0,4347000000.0,14704000000.0,2.91,18.4226,2000000.0,0.021319,0.246371,51.2044,43.5645,0.075065,4242000000.0,5378000000.0,-0.166718,0.215776,0.108181,-0.196286,0.170197,0.146486,-12000000.0,0.221525,922000000.0,2.35909434e+11,-0.128743,0.077778,10.8619,8.9526,14.0428,5.6644,14.1813,13.0647,2.3415,7.4024,0.027054,0.158118,1.1708,3466290540.5,28846000000.0,0.48676,39552000000.0,918000000.0,-1400000000.0,3418000000.0,0.976898,41648000000.0,-0.003922,-164000000.0,0.025358,2.4143,19.8127,301000000.0,4009000000.0,5.956,26292000000.0,,26292000000.0,0.505567,1.4702,212017434000.0,-3327000000.0,-864000000.0,3174000000.0,-3327000000.0,-864000000.0,3174000000.0,-1027000000.0,23765000000.0,3226000000.0,3226000000.0,,-0.168771,0.063984,3226000000.0,2388000000.0,76290540.5,23765000000.0,13356000000.0,0.00339,213000000.0,0.002442,127000000.0,0.005696,4166000000.0,4150000000.0,17962000000.0,11828000000.0,3302290540.5,-0.167976,0.132494,0.061476,16661000000.0,6874000000.0,-0.284329,-0.211037,3.957606,12792000000.0,0.170197,24924000000.0,0.316562,0.149769,5214000000.0,,-396000000.0,1000000.0,4721000000.0,7812000000.0,-91000000.0,-1048000000.0,0.0,4746000000.0,11.9406,13.3219,2.1044,nm,0.129433,-999000000.0,-860000000.0,1301000000.0,0.052199,-3036000000.0,-3552000000.0,121883000000.0,-0.033317,0.064764,0.370565,0.113898,0.686517,0.69045,0.319885,0.316496,1590000000.0,58000000.0,6680000000.0,0.268015,7830000000.0,799000000.0,0.150562,-13.0773,0.778475,IBM,115153000000.0,52005000000.0,17756000000.0,12792000000.0,47911000000.0,41037000000.0,17756000000.0,17883000000.0,12132000000.0,98000000.0,97269000000.0,115153000000.0,53885000000.0,56232000000.0,7890000000.0,4242000000.0,-98000000.0,4144000000.0,24924000000.0,-129239000000.0,1101000000.0,1100900000.0,1109400000.0
6263000000.0,11548000000.0,,26931000000.0,-2514000000.0,350000000.0,-24971000000.0,7.4723,8.4958,0.8504,0.933486,3772.8385714285714,4159.8133333333335,3.7,3.7,18.0897,910000000.0,10072000000.0,0.95,,,12.6984,159.88282877824,162.804914720898,,51203000000.0,0.353759,5.5009,0.510241,0.315843,11658000000.0,1752000000.0,4746000000.0,4210000000.0,2013-09-30,36180000000.0,1.3808,1.8083,0.64391,1175000000.0,825000000.0,5781000000.0,16013000000.0,3.68,18.583,235000000.0,0.027833,0.247334,48.8472,42.9626,0.079282,5067000000.0,6242000000.0,-0.023161,0.267461,0.160655,-0.025389,0.217114,0.194484,129000000.0,0.167337,1476000000.0,2.29554784e+11,0.105105,0.264605,10.6339,8.7606,16.326,4.9951,13.5537,13.2668,2.3108,7.1202,-0.351841,-0.612524,1.1365,1343102976.7,30882000000.0,0.489716,40808000000.0,832000000.0,-1477000000.0,4003000000.0,0.981251,45956000000.0,0.06676,2876000000.0,0.103438,2.2315,19.6416,169000000.0,4446000000.0,5.606,28478000000.0,,28478000000.0,0.506834,1.4233,203475784000.0,-827000000.0,-2547000000.0,3760000000.0,-827000000.0,-2547000000.0,3760000000.0,514000000.0,25948000000.0,4041000000.0,4041000000.0,-98000000.0,0.056747,0.252635,4041000000.0,2492000000.0,178102976.7,25948000000.0,13877000000.0,0.007521,21000000.0,0.002331,131000000.0,0.006143,4087000000.0,3682000000.0,17994000000.0,11675000000.0,4219102976.7,0.077076,0.180783,0.277629,16786000000.0,8311000000.0,-0.167036,0.184625,4.131868,11908000000.0,0.217114,23338000000.0,0.272603,0.184642,4643000000.0,,-52000000.0,,4718000000.0,8057000000.0,-63000000.0,-1037000000.0,0.0,4723000000.0,10.2367,12.6132,2.0483,nm,0.173151,-583000000.0,-985000000.0,1165000000.0,0.049919,-2488000000.0,-1917000000.0,124885000000.0,-0.056936,-0.063633,0.449926,0.147254,0.848097,0.853339,0.403413,0.395892,1276000000.0,75000000.0,5260000000.0,0.225383,7702000000.0,160000000.0,0.137076,-13.6585,0.812751,IBM,117845000000.0,56188000000.0,19877000000.0,11908000000.0,47533000000.0,39222000000.0,19877000000.0,20008000000.0,11429000000.0,97000000.0,97837000000.0,117845000000.0,56436000000.0,58616000000.0,6362000000.0,5067000000.0,-97000000.0,4972000000.0,23338000000.0,-131240000000.0,1092200000.0,1090900000.0,1098800000.0
7461000000.0,12049000000.0,,26654000000.0,-605000000.0,344000000.0,-21602000000.0,6.4469,8.001,0.8016,1.086999,4159.8133333333335,4202.429999999999,5.71,5.71,20.6629,948000000.0,10716000000.0,-2.75,4024000000.0,982000000.0,5.8891,162.804914720898,167.984015251156,0.0,51594000000.0,0.363816,5.7677,0.458948,0.145842,12557000000.0,1651000000.0,4633000000.0,3893000000.0,2013-12-31,39718000000.0,1.5684,1.7322,0.633997,1214000000.0,870000000.0,6992000000.0,18058000000.0,5.65,16.8861,50000000.0,0.027948,0.246193,56.6164,45.6194,0.079667,7637000000.0,8851000000.0,-0.090339,0.331523,0.417975,-0.109699,0.286051,0.507203,32000000.0,0.138128,5551000000.0,2.35686617201e+11,0.11002,0.535326,11.4156,9.3068,34.8638,4.5693,13.6898,13.4794,2.396,7.0725,-1.804352,-3.88428,1.2119,-3873884738.1,31184000000.0,0.541089,40475000000.0,1039000000.0,-935000000.0,3871000000.0,0.984942,51581000000.0,0.254249,10456000000.0,0.1224,2.1221,21.6154,248000000.0,5834000000.0,5.8558,32856000000.0,,32856000000.0,0.524462,1.4329,206897617200.9,-3013000000.0,-2903000000.0,6528000000.0,-3013000000.0,-2903000000.0,6528000000.0,644000000.0,28652000000.0,6184000000.0,6184000000.0,-300000000.0,0.060175,0.530314,6184000000.0,2310000000.0,398115261.9,28652000000.0,13821000000.0,0.015676,62000000.0,0.002187,137000000.0,0.006203,4108000000.0,3051000000.0,16242000000.0,12755000000.0,6582115261.9,0.043429,0.24654,0.560075,19787000000.0,11196000000.0,0.028679,0.73617,6.886076,12253000000.0,0.286051,26698000000.0,0.255038,0.229292,4748000000.0,,-1347000000.0,,4639000000.0,9934000000.0,-119000000.0,-1025000000.0,0.0,4488000000.0,9.0776,12.5522,2.1033,nm,0.231628,-890000000.0,-1064000000.0,994000000.0,0.037231,-2273000000.0,-5797000000.0,130042000000.0,-0.035163,0.143971,0.615045,0.185668,1.131178,1.138239,0.523194,0.507518,838000000.0,116000000.0,5934000000.0,0.222264,6862000000.0,350000000.0,0.109534,-11.1174,0.822122,IBM,126223000000.0,62647000000.0,22792000000.0,12253000000.0,51350000000.0,40154000000.0,22792000000.0,22929000000.0,14446000000.0,113000000.0,103294000000.0,126223000000.0,61051000000.0,63140000000.0,6809000000.0,7637000000.0,-113000000.0,7522000000.0,26698000000.0,-137242000000.0,1094500000.0,1094486604.0,1103042156.0
6865000000.0,11332000000.0,,26795000000.0,-376000000.0,339000000.0,-21156000000.0,6.9038,8.3119,0.8103,1.486075,4202.429999999999,4378.857142857143,2.3,2.3,15.9397,775000000.0,9409000000.0,0.95,,,9.3718,167.984015251156,159.111675903704,,51943000000.0,0.273485,6.4614,0.52206,0.137972,13681000000.0,1708000000.0,2245000000.0,3664000000.0,2014-03-31,43980000000.0,1.7663,2.6272,0.724308,1141000000.0,802000000.0,6509000000.0,16213000000.0,2.29,18.3285,391000000.0,0.022621,0.25892,52.8698,43.913,0.078963,3287000000.0,4428000000.0,-0.087575,0.199145,-0.499718,-0.111622,0.14783,-0.569595,5000000.0,0.205152,6110000000.0,2.34945082e+11,-0.151852,-0.59469,11.612,9.4359,37.1663,4.6053,14.0522,13.9948,2.4173,7.1257,-3.601149,-1.009697,1.5486,-7785335846.7,31214000000.0,0.47794,40478000000.0,653000000.0,-162000000.0,3698000000.0,0.96836,51016000000.0,0.255995,10398000000.0,-0.010954,2.1214,19.9143,270000000.0,5720000000.0,6.6725,34668000000.0,,34668000000.0,0.570949,2.071,200536082000.0,-4673000000.0,35000000.0,3326000000.0,-4673000000.0,35000000.0,3326000000.0,-1307000000.0,34276000000.0,2384000000.0,2384000000.0,-146000000.0,-0.21372,-0.614489,2384000000.0,2456000000.0,228664153.3,34276000000.0,13683000000.0,0.008214,-37000000.0,0.00219,133000000.0,0.00712,4042000000.0,3034000000.0,16031000000.0,11918000000.0,2612664153.3,-0.160195,0.117502,-0.603066,18329000000.0,6901000000.0,-0.173254,-0.490502,4.291613,11608000000.0,0.14783,22235000000.0,0.33011,0.119784,5292000000.0,,664000000.0,,5030000000.0,10106000000.0,-127000000.0,-990000000.0,0.0,4430000000.0,12.0761,12.6641,2.0632,nm,0.107218,-477000000.0,-849000000.0,1195000000.0,0.053744,-1507000000.0,-8166000000.0,131431000000.0,-0.050111,-0.167166,0.373305,0.086877,0.618139,0.622572,0.249266,0.241053,608000000.0,74000000.0,6272000000.0,0.282078,9312000000.0,295000000.0,0.15336,-17.5715,0.748979,IBM,122646000000.0,60720000000.0,16606000000.0,11608000000.0,47959000000.0,41058000000.0,16607000000.0,16740000000.0,10627000000.0,105000000.0,105906000000.0,122646000000.0,61004000000.0,64847000000.0,7340000000.0,3287000000.0,-105000000.0,3183000000.0,22235000000.0,-145612000000.0,1036500000.0,1035200000.0,1041800000.0
6271000000.0,11457000000.0,,27188000000.0,-449000000.0,340000000.0,-20369000000.0,7.2979,8.1515,0.8044,1.414666,4378.857142857143,4509.9685714285715,4.14,4.14,17.2888,799000000.0,9715000000.0,1.1,,,12.8171,159.111675903704,167.610884651186,,52163000000.0,0.271588,6.5988,0.499148,0.107657,12591000000.0,1783000000.0,2335000000.0,4037000000.0,2014-06-30,46470000000.0,1.7757,2.6535,0.726287,1166000000.0,826000000.0,8491000000.0,18211000000.0,4.12,18.0544,17000000.0,0.030796,0.247701,50.0144,44.7771,0.091913,5483000000.0,6649000000.0,0.236333,0.2765,0.501581,0.292551,0.228012,0.668086,-13000000.0,0.204936,6894000000.0,2.19080477e+11,0.415808,0.799127,10.2021,8.3714,42.4353,4.0375,12.324,12.7424,2.2746,7.1073,-3.381412,-0.060284,1.7096,-8254666417.4,31568000000.0,0.500852,40936000000.0,1096000000.0,-1601000000.0,3585000000.0,0.975378,54262000000.0,0.302872,12614000000.0,0.063627,2.0085,20.2167,131000000.0,3668000000.0,6.7654,34008000000.0,,34008000000.0,0.531516,1.9419,182194477000.0,-2260000000.0,-1000000000.0,3579000000.0,-2260000000.0,-1000000000.0,3579000000.0,307000000.0,36750000000.0,4137000000.0,4137000000.0,-115000000.0,0.282393,0.735319,4137000000.0,2338000000.0,222333582.6,36749000000.0,13748000000.0,0.007348,-122000000.0,0.002126,136000000.0,0.00743,4152000000.0,2828000000.0,15984000000.0,12140000000.0,4359333582.6,0.320094,0.181284,0.66854,18620000000.0,5749000000.0,0.127599,0.076067,4.479349,12004000000.0,0.228012,24047000000.0,0.272841,0.183421,4737000000.0,,-45000000.0,,5369000000.0,10224000000.0,-202000000.0,-1096000000.0,0.0,4263000000.0,10.4848,10.8799,1.8916,nm,0.172038,-359000000.0,-908000000.0,1170000000.0,0.048655,-1301000000.0,-3662000000.0,134483000000.0,-0.035187,0.081493,0.60993,0.138394,0.966803,0.97404,0.36411,0.356762,634000000.0,109000000.0,5593000000.0,0.232586,12462000000.0,5000000.0,0.19477,-17.6858,0.77356,IBM,124314000000.0,63983000000.0,17377000000.0,12003000000.0,48182000000.0,42433000000.0,17377000000.0,17513000000.0,12044000000.0,136000000.0,106801000000.0,124314000000.0,62384000000.0,64368000000.0,6561000000.0,5483000000.0,-136000000.0,5348000000.0,24047000000.0,-148900000000.0,999300000.0,999600000.0,1005100000.0
5855000000.0,10591000000.0,,28882000000.0,-161000000.0,339000000.0,-20978000000.0,7.8209,8.6162,0.8057,1.850586,4509.9685714285715,4778.2242857142855,0.02,0.02,14.2879,894000000.0,9561000000.0,1.1,,,14.3634,167.610884651186,142.626020984588,,52446000000.0,0.23722,6.6886,0.514489,0.26001,11346000000.0,2219000000.0,2475000000.0,3965000000.0,2014-09-30,45697000000.0,1.7883,3.1745,0.760451,1139000000.0,800000000.0,8168000000.0,17733000000.0,0.02,18.6709,81000000.0,0.030129,0.330189,46.6697,42.3621,0.067178,4487000000.0,5626000000.0,-0.098686,0.251194,-0.153858,-0.114466,0.200339,-0.181652,-439000000.0,0.207751,7443000000.0,2.25665391e+11,-0.994565,-0.995146,10.8005,8.8309,17.9911,4.4663,13.1867,13.0164,2.366,7.647,-1.755844,0.877018,1.8045,-1015176565.0,31045000000.0,0.485511,39950000000.0,906000000.0,-912000000.0,3373000000.0,0.971919,50526000000.0,0.099443,4570000000.0,-0.068851,1.9771,19.5491,148000000.0,142000000.0,6.8818,32821000000.0,,32821000000.0,0.546179,2.28,189393391000.0,-2820000000.0,-800000000.0,3904000000.0,-2820000000.0,-800000000.0,3904000000.0,-155000000.0,36132000000.0,18000000.0,18000000.0,-3437000000.0,-0.995546,-0.995649,18000000.0,2356000000.0,3536823435.0,36131000000.0,11068000000.0,0.113946,3659000000.0,0.00233,140000000.0,0.007877,3683000000.0,2697000000.0,15093000000.0,10993000000.0,3554823435.0,-0.157446,0.158719,-0.184549,17411000000.0,4857000000.0,0.038298,0.090807,4.36689,11523000000.0,0.200339,22397000000.0,0.285172,0.161413,5788000000.0,,329000000.0,,5126000000.0,10613000000.0,-103000000.0,-1090000000.0,0.0,5022000000.0,13.2861,14.8859,1.9857,nm,0.000804,-677000000.0,-1036000000.0,1209000000.0,0.05398,-300000000.0,-1719000000.0,133403000000.0,-0.040321,-0.068616,0.360633,0.000648,0.669122,0.674435,0.313802,0.199856,523000000.0,142000000.0,5281000000.0,0.235791,12876000000.0,4000000.0,0.214271,-20.2095,0.004127,IBM,118911000000.0,60092000000.0,14255000000.0,11523000000.0,47163000000.0,42306000000.0,14255000000.0,14395000000.0,10874000000.0,126000000.0,104515000000.0,118911000000.0,60677000000.0,62210000000.0,6387000000.0,4487000000.0,-126000000.0,4361000000.0,22397000000.0,-150616000000.0,900000000.0,991800000.0,997700000.0
6864000000.0,11996000000.0,,28263000000.0,330000000.0,329000000.0,-27875000000.0,6.4762,7.7183,0.7622,1.492597,4778.2242857142855,4926.4457142857145,5.51,5.51,11.7515,868000000.0,8476000000.0,-3.15,5748000000.0,1061000000.0,8.2928,142.626020984588,143.680809387966,0.0,52666000000.0,0.225064,6.8534,0.466617,0.489419,11877000000.0,,5084000000.0,4031000000.0,2014-12-31,40722000000.0,1.6314,3.3895,0.772186,1046000000.0,717000000.0,5051000000.0,13527000000.0,5.47,17.3624,1868000000.0,0.035407,0.354766,56.3599,47.2903,0.07419,7213000000.0,8259000000.0,-0.066885,0.342498,0.468006,-0.055519,0.299121,0.607533,-208000000.0,0.222582,2160000000.0,1.94436477011e+11,-0.031858,272.5,9.4986,7.7893,8.2903,4.393,12.0517,11.5269,2.0954,7.5466,4.337093,13.734251,1.7428,12927512686.8,30556000000.0,0.533383,39034000000.0,1579000000.0,672000000.0,3104000000.0,0.983502,44261000000.0,-0.141913,-7320000000.0,-0.123996,1.9364,21.0224,160000000.0,-1350000000.0,6.9683,34991000000.0,,34991000000.0,0.663513,2.9125,162044477011.2,-5699000000.0,-1236000000.0,6060000000.0,-5699000000.0,-1236000000.0,6059000000.0,-1085000000.0,32246000000.0,5483000000.0,5483000000.0,-31000000.0,-0.113357,303.611111,5483000000.0,2103000000.0,124512686.8,32247000000.0,10771000000.0,0.004089,-1142000000.0,0.002769,146000000.0,0.00807,3691000000.0,6675000000.0,18261000000.0,11109000000.0,5607512686.8,-0.148068,0.232542,0.577438,19835000000.0,7796000000.0,-0.071844,0.551998,6.980415,11251000000.0,0.299121,24114000000.0,0.234262,0.227984,5994000000.0,,-2469000000.0,,5520000000.0,8733000000.0,-1506000000.0,-1089000000.0,0.0,4967000000.0,13.6527,13.479,1.7463,nm,0.227378,-825000000.0,-947000000.0,1121000000.0,0.046488,-3289000000.0,-132000000.0,137793000000.0,-0.096786,0.076662,0.77764,0.173303,1.218018,1.227928,0.450288,0.446199,728000000.0,79000000.0,6034000000.0,0.250228,5731000000.0,0.0,0.108673,-21.5752,0.772907,IBM,117271000000.0,52736000000.0,11869000000.0,11252000000.0,47377000000.0,39581000000.0,11868000000.0,12014000000.0,12862000000.0,117000000.0,105257000000.0,117271000000.0,59124000000.0,65676000000.0,5649000000.0,7213000000.0,-117000000.0,7094000000.0,24114000000.0,-150715000000.0,1004300000.0,1004272584.0,1010000480.0
6314000000.0,11546000000.0,,27793000000.0,-261000000.0,298000000.0,-27842000000.0,6.8163,7.8808,0.7683,0.922698,4926.4457142857145,5082.072857142857,2.36,2.36,12.2352,810000000.0,8796000000.0,1.1,,,10.7507,143.680809387966,146.727652576884,,52928000000.0,0.237519,7.8061,0.517509,0.529831,12162000000.0,1805000000.0,3539000000.0,3328000000.0,2015-03-31,38827000000.0,1.5777,3.1595,0.759586,968000000.0,670000000.0,6404000000.0,15208000000.0,2.35,17.9835,19000000.0,0.035147,0.364616,53.5481,46.3153,0.075133,3108000000.0,4076000000.0,-0.079494,0.208065,-0.506478,-0.054457,0.158652,-0.569111,-449000000.0,0.194935,2690000000.0,1.8943515e+11,0.026201,-0.570384,9.3359,7.6975,7.6618,4.4769,11.823,11.0445,2.1014,7.4527,2.439134,-0.13331,2.2151,11204141952.7,29871000000.0,0.482491,38303000000.0,585000000.0,-165000000.0,2991000000.0,0.965573,42314000000.0,-0.170574,-8702000000.0,-0.043989,1.9318,20.2964,161000000.0,2290000000.0,8.0844,34295000000.0,,34295000000.0,0.670925,2.7907,159264150000.0,-3402000000.0,560000000.0,3610000000.0,-3402000000.0,560000000.0,3610000000.0,319000000.0,30023000000.0,2328000000.0,2328000000.0,-88000000.0,-0.02349,-0.575415,2328000000.0,1970000000.0,174141952.7,30025000000.0,10509000000.0,0.005416,479000000.0,0.002895,148000000.0,0.009714,3811000000.0,4374000000.0,17211000000.0,9820000000.0,2502141952.7,-0.042302,0.127725,-0.553788,16303000000.0,10676000000.0,0.085388,-0.404192,4.45679,10138000000.0,0.158652,19590000000.0,0.323839,0.121885,5765000000.0,,1615000000.0,,5466000000.0,8791000000.0,-143000000.0,-1088000000.0,0.0,5890000000.0,13.1179,13.3097,1.7667,nm,0.118836,-819000000.0,-857000000.0,1125000000.0,0.057427,-3600000000.0,-1165000000.0,139030000000.0,-0.118957,-0.187609,0.53455,0.091296,0.773702,0.781291,0.246742,0.241325,816000000.0,47000000.0,5362000000.0,0.273711,4532000000.0,8000000.0,0.088661,-20.8818,0.775741,IBM,112037000000.0,51116000000.0,12141000000.0,10138000000.0,46316000000.0,35640000000.0,12141000000.0,12289000000.0,9452000000.0,108000000.0,99747000000.0,112037000000.0,55212000000.0,64108000000.0,6344000000.0,3108000000.0,-108000000.0,3001000000.0,19590000000.0,-151975000000.0,986400000.0,988100000.0,992300000.0
5943000000.0,11022000000.0,,27936000000.0,-447000000.0,296000000.0,-27432000000.0,7.0961,7.733,0.7333,0.771325,5082.072857142857,4680.105,3.51,3.51,13.8674,730000000.0,8393000000.0,1.3,,,13.6617,146.727652576884,131.857888610261,,53059000000.0,0.260604,7.3574,0.500769,0.526588,11332000000.0,2133000000.0,3639000000.0,3991000000.0,2015-06-30,38668000000.0,1.6622,2.7945,0.736463,961000000.0,665000000.0,6220000000.0,14980000000.0,3.5,17.8979,62000000.0,0.034418,0.402997,51.4366,47.2003,0.070269,4341000000.0,5302000000.0,-0.202587,0.254732,0.300785,-0.20828,0.208562,0.396718,213000000.0,0.165246,3440000000.0,1.90557622e+11,-0.150485,0.489362,9.9513,8.1914,7.3847,4.3562,12.4658,10.9158,2.1925,7.1096,2.713172,0.262182,2.1262,14141666193.2,30535000000.0,0.499231,38639000000.0,698000000.0,-494000000.0,2938000000.0,0.973048,43744000000.0,-0.193837,-10518000000.0,0.033795,1.7737,20.3934,60000000.0,652000000.0,7.5612,33339000000.0,,33339000000.0,0.634968,2.4094,160496622000.0,-2567000000.0,-1931000000.0,3883000000.0,-2568000000.0,-1931000000.0,3884000000.0,-402000000.0,29908000000.0,3449000000.0,3449000000.0,-77000000.0,-0.166304,0.481529,3449000000.0,1912000000.0,174666193.2,29907000000.0,10702000000.0,0.005241,-33000000.0,0.002914,153000000.0,0.00925,3892000000.0,4211000000.0,17298000000.0,10339000000.0,3623666193.2,-0.168757,0.174098,0.448226,16888000000.0,9651000000.0,0.085219,0.0759,5.320548,10423000000.0,0.208562,20814000000.0,0.29067,0.152944,5301000000.0,,-567000000.0,,5377000000.0,8827000000.0,-301000000.0,-1278000000.0,0.0,4470000000.0,11.7296,14.2309,1.8466,nm,0.165706,-897000000.0,-865000000.0,1172000000.0,0.056308,-863000000.0,-1138000000.0,141218000000.0,-0.134445,0.062481,0.645405,0.121516,0.945369,0.954196,0.308791,0.30355,648000000.0,135000000.0,5179000000.0,0.248823,5329000000.0,367000000.0,0.101495,-20.0568,0.816525,IBM,112729000000.0,52505000000.0,13683000000.0,10423000000.0,45186000000.0,35535000000.0,13684000000.0,13837000000.0,10391000000.0,115000000.0,98892000000.0,112729000000.0,56840000000.0,63356000000.0,6050000000.0,4341000000.0,-115000000.0,4224000000.0,20814000000.0,-153162000000.0,982600000.0,982300000.0,986700000.0
5166000000.0,8918000000.0,,18568000000.0,-601000000.0,290000000.0,-28155000000.0,7.5596,8.5907,0.7365,0.612456,4680.105,5035.83,3.03,3.03,13.5792,816000000.0,9480000000.0,1.3,,,11.5885,131.857888610261,126.349705131606,,53220000000.0,0.250311,7.9145,0.510581,0.462932,10458000000.0,1660000000.0,2883000000.0,3785000000.0,2015-09-30,39660000000.0,1.7775,2.9487,0.746752,936000000.0,646000000.0,6350000000.0,15918000000.0,3.01,17.3839,-81000000.0,0.009859,0.332512,48.2832,42.4878,0.100123,3739000000.0,4675000000.0,-0.169037,0.242479,-0.118257,-0.166704,0.193932,-0.138678,42000000.0,0.181994,4033000000.0,1.7217463e+11,149.5,-0.14,9.3568,7.7167,7.9075,3.9542,11.6417,9.6793,2.0546,7.713,10.892392,-0.289863,2.3783,10042524716.9,30275000000.0,0.489419,29229000000.0,659000000.0,-205000000.0,2775000000.0,0.968441,43542000000.0,-0.138226,-6984000000.0,-0.004618,1.7816,20.9965,50000000.0,1839000000.0,8.1724,32122000000.0,,32122000000.0,0.60482,2.3883,141925630000.0,-1850000000.0,-1343000000.0,4236000000.0,-1848000000.0,-1343000000.0,4235000000.0,1087000000.0,30092000000.0,2950000000.0,2950000000.0,-12000000.0,162.888889,-0.14468,2950000000.0,1612000000.0,108524716.9,30092000000.0,10661000000.0,0.003278,555000000.0,0.002956,157000000.0,0.01063,3593000000.0,3690000000.0,17012000000.0,9517000000.0,3058524716.9,-0.139613,0.158637,-0.155958,16195000000.0,8380000000.0,0.084785,0.090371,5.189951,9844000000.0,0.193932,19280000000.0,0.295488,0.142829,3902000000.0,,-121000000.0,,5586000000.0,8739000000.0,-133000000.0,-1270000000.0,0.0,4158000000.0,10.6759,9.9877,1.6937,nm,0.153008,-385000000.0,-948000000.0,1099000000.0,0.057002,-926000000.0,-1543000000.0,142898000000.0,-0.13917,-0.0737,0.664389,0.112689,0.936958,0.947025,0.282635,0.279358,661000000.0,132000000.0,4731000000.0,0.245384,7538000000.0,88000000.0,0.141932,-20.1798,0.814692,IBM,108649000000.0,53110000000.0,13294000000.0,9844000000.0,42112000000.0,33732000000.0,13294000000.0,13450000000.0,9436000000.0,117000000.0,95198000000.0,108649000000.0,55876000000.0,61466000000.0,5697000000.0,3739000000.0,-117000000.0,3621000000.0,19280000000.0,-154669000000.0,973600000.0,975100000.0,979000000.0
6028000000.0,9534000000.0,4353000000.0,18615000000.0,-2441000000.0,309000000.0,-29607000000.0,6.3694,7.5933,0.7178,0.720697,5035.83,4815.68,4.58,4.58,14.5121,853000000.0,7686000000.0,-3.7,2657000000.0,995000000.0,7.0053,126.349705131606,140.470647852997,0.0,53262000000.0,0.262571,8.4057,0.482909,0.401143,11021000000.0,,2847000000.0,3560000000.0,2015-12-31,39889000000.0,1.968,2.7655,0.734428,990000000.0,681000000.0,6502000000.0,14696000000.0,4.56,16.2422,,0.020578,0.371266,57.3055,48.0686,0.097531,5226000000.0,6216000000.0,-0.247367,0.281803,0.329626,-0.275475,0.236921,0.3977,-279000000.0,0.125319,1734000000.0,1.61909210744e+11,-0.166362,0.51495,9.8641,7.988,9.4755,3.9557,11.7692,9.3833,1.9807,7.6046,-0.388816,-0.213237,2.2223,7901084526.4,32021000000.0,0.517091,29342000000.0,639000000.0,55000000.0,3487000000.0,0.975698,40931000000.0,-0.075236,-3330000000.0,-0.059965,1.919,22.4724,51000000.0,860000000.0,8.6151,33428000000.0,5187000000.0,33428000000.0,0.61547,2.3175,135239210744.5,-1594000000.0,-5446000000.0,5527000000.0,-1595000000.0,-5445000000.0,5526000000.0,-1794000000.0,26508000000.0,4463000000.0,4463000000.0,3000000.0,-0.18603,0.512881,4463000000.0,1551000000.0,108084526.4,26507000000.0,10727000000.0,0.003679,19000000.0,0.002983,162000000.0,0.01165,3771000000.0,4822000000.0,16504000000.0,10013000000.0,4571084526.4,-0.184829,0.20723,0.494539,19020000000.0,8235000000.0,-0.087968,0.304841,6.478312,10652000000.0,0.236921,22058000000.0,0.28017,0.170055,,-248000000.0,-1897000000.0,,,8099000000.0,-147000000.0,-1261000000.0,0.0,4205000000.0,9.4832,10.2532,1.6545,nm,0.20233,-972000000.0,-909000000.0,1169000000.0,0.052997,-233000000.0,-763000000.0,146124000000.0,-0.085262,0.144087,0.875592,0.145227,1.258435,1.273268,0.397676,0.393997,717000000.0,56000000.0,5158000000.0,0.233838,6461000000.0,508000000.0,0.118959,-21.621,0.87527,IBM,110495000000.0,54313000000.0,14261000000.0,10652000000.0,42504000000.0,34269000000.0,14262000000.0,14424000000.0,11406000000.0,128000000.0,96071000000.0,110495000000.0,57264000000.0,61802000000.0,6180000000.0,5226000000.0,-128000000.0,5099000000.0,22058000000.0,-155518000000.0,978500000.0,978744523.0,982700267.0
5302000000.0,10084000000.0,,18717000000.0,-2590000000.0,347000000.0,-28998000000.0,7.0451,7.4744,0.7002,0.733302,4815.68,4782.282222222221,2.09,2.09,15.4759,827000000.0,14354000000.0,1.3,,,13.3438,140.470647852997,142.114815475631,,53439000000.0,0.246169,7.4009,0.535164,0.226813,12609000000.0,,2203000000.0,3444000000.0,2016-03-31,45557000000.0,2.4765,3.0226,0.751406,1024000000.0,677000000.0,3393000000.0,18262000000.0,2.09,16.3197,47000000.0,0.027764,0.392902,51.809,48.8331,0.088157,1179000000.0,2203000000.0,-0.459519,0.117908,-0.645592,-0.620656,0.063102,-0.774397,217000000.0,-0.950677,2332000000.0,1.7689338e+11,-0.110638,-0.541667,12.2122,9.6159,17.7101,3.8656,13.1664,9.2252,2.1883,7.5481,-1.102386,-1.145189,2.219,-1147151837.5,34322000000.0,0.464836,29627000000.0,-983000000.0,2187000000.0,4373000000.0,0.877014,45761000000.0,0.081462,3447000000.0,0.118003,1.8356,22.3657,59000000.0,8085000000.0,8.4388,40254000000.0,,40254000000.0,0.66394,2.6708,146058380000.0,2807000000.0,-1886000000.0,5530000000.0,2806000000.0,-1886000000.0,5530000000.0,6668000000.0,30688000000.0,2014000000.0,2014000000.0,-3000000.0,-0.13488,-0.548734,2014000000.0,1689000000.0,285848162.5,30689000000.0,10910000000.0,0.009416,305000000.0,0.002425,147000000.0,0.010782,3662000000.0,4809000000.0,16939000000.0,9266000000.0,2299848162.5,-0.080848,0.123092,-0.49687,16646000000.0,12959000000.0,0.531856,0.000724,6.68682,9998000000.0,0.063102,18684000000.0,0.401734,0.044184,5804000000.0,-27000000.0,1356000000.0,,5223000000.0,8264000000.0,253000000.0,-1250000000.0,0.0,4334000000.0,9.7862,11.3435,1.8068,nm,0.107793,-1041000000.0,-956000000.0,1241000000.0,0.06642,-3121000000.0,-939000000.0,146888000000.0,-0.046248,-0.15296,0.480487,0.075477,0.69882,0.706437,0.22595,0.216533,1169000000.0,129000000.0,6012000000.0,0.321773,5303000000.0,515000000.0,0.087466,-24.6474,1.947776,IBM,118856000000.0,60629000000.0,14925000000.0,9999000000.0,47623000000.0,34664000000.0,14925000000.0,15072000000.0,8685000000.0,147000000.0,103784000000.0,118856000000.0,60325000000.0,69119000000.0,7506000000.0,1179000000.0,-147000000.0,1034000000.0,18684000000.0,-156404000000.0,963600000.0,961700000.0,964400000.0
5484000000.0,9912000000.0,5480000000.0,19044000000.0,-2815000000.0,398000000.0,-28604000000.0,7.1814,7.668,0.6955,0.771268,4782.282222222221,5293.855555555556,2.62,2.62,16.3811,827000000.0,10017000000.0,1.4,,,12.7737,142.114815475631,150.019649096679,,53565000000.0,0.260436,7.3583,0.520579,0.264367,11508000000.0,,2275000000.0,3950000000.0,2016-06-30,44525000000.0,2.5569,2.8023,0.736998,1103000000.0,705000000.0,4209000000.0,14826000000.0,2.61,15.9989,-12000000.0,0.037294,0.429218,50.8257,47.6004,0.08184,3217000000.0,4320000000.0,-0.185213,0.213449,0.960962,-0.258927,0.158951,1.728584,-103000000.0,0.178419,2957000000.0,1.7458969e+11,-0.254286,0.248804,13.0671,10.0258,14.9611,3.9199,14.0069,9.3119,2.1753,7.3654,-0.869321,2.610969,1.9699,1848025582.2,36422000000.0,0.479421,30136000000.0,544000000.0,-272000000.0,5148000000.0,0.947777,44539000000.0,0.018174,795000000.0,-0.026704,1.8183,22.814,56000000.0,178000000.0,7.7637,39638000000.0,5259000000.0,39638000000.0,0.656106,2.4947,145784690000.0,-3240000000.0,-4451000000.0,3458000000.0,-3240000000.0,-4452000000.0,3458000000.0,-4338000000.0,28649000000.0,2504000000.0,2504000000.0,0.0,-0.273992,0.243297,2504000000.0,1685000000.0,139025582.2,28650000000.0,11092000000.0,0.004748,123000000.0,0.002582,156000000.0,0.010395,3837000000.0,4387000000.0,16723000000.0,9267000000.0,2643025582.2,-0.270621,0.130591,0.149217,16635000000.0,9939000000.0,-0.109681,-0.374684,4.181378,10536000000.0,0.158951,20239000000.0,0.32047,0.110558,,-85000000.0,-311000000.0,,,8385000000.0,37000000.0,-1340000000.0,0.0,4676000000.0,9.2656,12.219,1.8164,nm,0.123722,-1345000000.0,-870000000.0,1100000000.0,0.054351,-1213000000.0,-836000000.0,148071000000.0,-0.027626,0.083226,0.458394,0.086054,0.68861,0.695843,0.237449,0.2327,859000000.0,43000000.0,5349000000.0,0.264292,4887000000.0,600000000.0,0.080892,-26.8985,0.821253,IBM,118056000000.0,60414000000.0,15734000000.0,10536000000.0,43524000000.0,33585000000.0,15733000000.0,15889000000.0,9703000000.0,167000000.0,102167000000.0,118056000000.0,63440000000.0,68583000000.0,6486000000.0,3217000000.0,-167000000.0,3049000000.0,20239000000.0,-157298000000.0,955700000.0,957400000.0,960500000.0
5271000000.0,9164000000.0,5346000000.0,19738000000.0,-40000000.0,403000000.0,-28164000000.0,7.9333,8.8716,0.7153,0.725283,5293.855555555556,5446.107142857143,2.99,2.99,17.7684,706000000.0,9039000000.0,1.4,,,9.8663,150.019649096679,158.177112212324,,53759000000.0,0.285202,6.9881,0.53118,0.257491,10815000000.0,,2137000000.0,3958000000.0,2016-09-30,42483000000.0,2.4575,2.4758,0.7123,1127000000.0,724000000.0,3938000000.0,13906000000.0,2.98,14.7322,,0.035995,0.438398,46.0085,41.1426,0.07782,3421000000.0,4548000000.0,-0.027166,0.236542,0.052778,-0.085049,0.177927,0.063413,41000000.0,0.125345,3487000000.0,1.79658850563e+11,-0.009967,0.141762,13.7744,10.3927,15.8321,4.0283,14.4831,9.643,2.2399,7.3704,-0.8073,0.047169,1.8796,1935195525.6,36401000000.0,0.46882,30842000000.0,409000000.0,63000000.0,4881000000.0,0.953815,44599000000.0,0.024275,1057000000.0,0.001347,1.82,24.7756,51000000.0,105000000.0,7.3264,35563000000.0,5075000000.0,35563000000.0,0.596274,2.0726,152069850563.4,-4187000000.0,-953000000.0,4118000000.0,-4185000000.0,-951000000.0,4117000000.0,-978000000.0,27440000000.0,2853000000.0,2853000000.0,-1000000.0,-0.032881,0.139377,2853000000.0,1730000000.0,139195525.6,27440000000.0,11104000000.0,0.004839,75000000.0,0.002498,149000000.0,0.009964,3611000000.0,4289000000.0,16688000000.0,8936000000.0,2992195525.6,-0.021687,0.155625,0.13211,16032000000.0,6986000000.0,-0.027863,0.190573,5.831445,10213000000.0,0.177927,19227000000.0,0.290893,0.127276,,-3000000.0,-45000000.0,,,8138000000.0,-8000000.0,-1337000000.0,0.0,4539000000.0,8.94,12.8502,1.8959,nm,0.148385,-1635000000.0,-768000000.0,869000000.0,0.045197,-2146000000.0,-857000000.0,149585000000.0,-0.002749,-0.050002,0.523269,0.106144,0.798468,0.806504,0.283236,0.278397,1473000000.0,62000000.0,4732000000.0,0.246112,6920000000.0,929000000.0,0.116026,-25.3542,0.874349,IBM,115606000000.0,59642000000.0,17010000000.0,10213000000.0,41433000000.0,34447000000.0,17010000000.0,17159000000.0,9014000000.0,158000000.0,98447000000.0,115606000000.0,63069000000.0,64000000000.0,5593000000.0,3421000000.0,-158000000.0,3263000000.0,19227000000.0,-158170000000.0,954200000.0,953995828.0,957317284.0
6209000000.0,10239000000.0,4705000000.0,19303000000.0,-688000000.0,396000000.0,-29398000000.0,6.8031,8.0838,0.7012,0.737702,5446.107142857143,5855.671111111111,4.73,4.73,19.0317,783000000.0,7826000000.0,-4.1,1078000000.0,1158000000.0,5.1097,158.177112212324,167.262235927632,0.0,53935000000.0,0.301288,6.7307,0.499633,0.135097,11035000000.0,,3235000000.0,3577000000.0,2016-12-31,42168000000.0,2.4316,2.2927,0.696301,1127000000.0,731000000.0,6599000000.0,15126000000.0,4.7,13.6091,-35000000.0,0.034771,0.442722,53.6517,45.1523,0.074602,5144000000.0,6271000000.0,0.008848,0.288057,0.378848,-0.015691,0.236288,0.503654,-206000000.0,0.096108,3034000000.0,1.88338952961e+11,0.030702,0.577181,14.5312,10.8603,31.5474,3.9692,15.0804,11.0243,2.3566,7.4148,-1.236598,-1.965989,1.6932,-1869377207.1,36199000000.0,0.500367,30133000000.0,479000000.0,-1753000000.0,4688000000.0,0.968896,47450000000.0,0.159268,6519000000.0,0.063925,1.8085,26.8202,38000000.0,790000000.0,6.9468,34655000000.0,4585000000.0,34655000000.0,0.572242,1.8842,159136952961.0,-1297000000.0,-3685000000.0,3978000000.0,-1298000000.0,-3687000000.0,3979000000.0,-1212000000.0,29056000000.0,4501000000.0,4501000000.0,-5000000.0,0.008514,0.577638,4501000000.0,1553000000.0,148622792.9,29058000000.0,10830000000.0,0.00535,103000000.0,0.002411,146000000.0,0.009416,3600000000.0,5224000000.0,17070000000.0,9021000000.0,4649622792.9,0.017182,0.213579,0.553917,19006000000.0,7613000000.0,-0.279949,-0.03352,5.081737,10877000000.0,0.236288,21770000000.0,0.264079,0.165676,,-11000000.0,-2474000000.0,,,7477000000.0,-137000000.0,-1329000000.0,0.0,4564000000.0,8.7217,13.4044,1.9912,nm,0.206752,-1896000000.0,-973000000.0,910000000.0,0.041801,85000000.0,-870000000.0,152759000000.0,-0.013056,0.132262,0.644978,0.144967,1.021533,1.031243,0.386265,0.380916,2191000000.0,190000000.0,4976000000.0,0.228571,7513000000.0,701000000.0,0.124059,-23.616,0.90309,IBM,117470000000.0,60560000000.0,18246000000.0,10877000000.0,43888000000.0,36275000000.0,18246000000.0,18392000000.0,10893000000.0,158000000.0,99078000000.0,117470000000.0,62751000000.0,62802000000.0,5749000000.0,5144000000.0,-158000000.0,4984000000.0,21770000000.0,-159050000000.0,955100000.0,955422530.0,958714097.0
5324000000.0,9507000000.0,4522000000.0,19816000000.0,-110000000.0,390000000.0,-28710000000.0,7.9068,8.1048,0.6718,0.791092,5855.671111111111,6204.096666666666,0.62,1.86,19.3364,682000000.0,10096000000.0,1.4,,,13.1997,167.262235927632,149.20268008577,,54104000000.0,0.299319,6.4363,0.571909,0.260743,12351000000.0,,2747000000.0,3197000000.0,2017-03-31,42781000000.0,2.4037,2.319,0.698705,1099000000.0,709000000.0,4053000000.0,14748000000.0,1.85,14.3275,,0.032882,0.458908,46.1626,45.0348,0.07033,1560000000.0,2659000000.0,0.20699,0.146461,-0.575985,0.323155,0.085927,-0.696734,100000000.0,-0.231039,3491000000.0,1.92707892e+11,-0.114833,-0.606383,14.4437,10.8275,16.1113,4.1907,15.8151,12.4256,2.4273,7.2919,2.478812,1.907479,1.7371,1696421348.3,36307000000.0,0.428091,30681000000.0,-329000000.0,964000000.0,4436000000.0,0.912821,45985000000.0,0.004895,224000000.0,-0.030875,1.7307,25.4754,54000000.0,2887000000.0,7.051,34441000000.0,4549000000.0,34441000000.0,0.562495,1.8669,165049892000.0,-2134000000.0,349000000.0,3955000000.0,-2134000000.0,350000000.0,3955000000.0,2270000000.0,27537000000.0,1750000000.0,1750000000.0,-3000000.0,-0.131082,-0.611198,1750000000.0,1609000000.0,170421348.3,27537000000.0,10865000000.0,0.005854,142000000.0,0.001976,121000000.0,0.007995,3557000000.0,6457000000.0,16967000000.0,8502000000.0,1920421348.3,-0.164979,0.105779,-0.586973,16362000000.0,6408000000.0,-0.28481,-0.006032,5.79912,10383000000.0,0.085927,18155000000.0,0.342165,0.057726,,-50000000.0,1433000000.0,,,7601000000.0,-28000000.0,-1321000000.0,0.0,4715000000.0,9.0058,14.2186,2.0789,nm,0.096392,-1273000000.0,-740000000.0,1088000000.0,0.059928,-2411000000.0,-1293000000.0,153292000000.0,-0.028313,-0.166054,0.307832,0.064757,0.486976,0.490901,0.183069,0.177215,981000000.0,58000000.0,5152000000.0,0.283779,8340000000.0,599000000.0,0.13621,-23.6506,1.228933,IBM,117495000000.0,61229000000.0,18327000000.0,10383000000.0,42889000000.0,36481000000.0,18327000000.0,18448000000.0,7772000000.0,135000000.0,99047000000.0,117495000000.0,63742000000.0,62566000000.0,6212000000.0,1560000000.0,-135000000.0,1424000000.0,18155000000.0,-160359000000.0,2822600000.0,942400000.0,947800000.0
5126000000.0,9395000000.0,4594000000.0,20388000000.0,-59000000.0,387000000.0,-28189000000.0,7.911,8.1257,0.6576,0.860691,6204.096666666666,6432.38375,2.49,2.49,19.6041,607000000.0,11696000000.0,1.5,,,13.0837,149.20268008577,142.201171391024,,54235000000.0,0.28684,6.5322,0.544092,0.204838,11541000000.0,,2779000000.0,3865000000.0,2017-06-30,45673000000.0,2.6576,2.463,0.711229,1117000000.0,730000000.0,4813000000.0,17108000000.0,2.48,14.3024,29000000.0,0.02882,0.47136,46.1381,44.9195,0.079114,2591000000.0,3708000000.0,-0.141667,0.192234,0.394509,-0.194591,0.134325,0.660897,447000000.0,0.045436,4015000000.0,1.73282668e+11,-0.049808,0.340541,13.6271,10.0828,18.4506,3.6744,14.425,11.1673,2.2091,7.1326,-1.079936,-1.08708,1.6631,-147724519.0,36517000000.0,0.455908,31291000000.0,111000000.0,-179000000.0,4179000000.0,0.942879,47160000000.0,0.058847,2621000000.0,0.025552,1.7108,25.5202,43000000.0,2948000000.0,6.928,37612000000.0,4759000000.0,37612000000.0,0.585702,2.0283,144538668000.0,-609000000.0,-1703000000.0,3467000000.0,-609000000.0,-1705000000.0,3466000000.0,1600000000.0,28619000000.0,2332000000.0,2332000000.0,-1000000.0,-0.069089,0.332,2331000000.0,1604000000.0,142275481.0,28616000000.0,10903000000.0,0.004969,197000000.0,0.001947,125000000.0,0.008103,3617000000.0,6812000000.0,17320000000.0,8296000000.0,2473275481.0,-0.064226,0.128222,0.287882,17563000000.0,9047000000.0,0.002313,-0.123641,5.710049,10496000000.0,0.134325,19289000000.0,0.321582,0.088338,,-97000000.0,-895000000.0,,,7437000000.0,-76000000.0,-1403000000.0,0.0,4155000000.0,7.8468,12.64,1.8426,nm,0.120846,-1073000000.0,-685000000.0,1119000000.0,0.058012,-668000000.0,-1432000000.0,154234000000.0,-0.046939,0.062462,0.356568,0.079474,0.571269,0.575935,0.219367,0.214398,902000000.0,78000000.0,5160000000.0,0.26751,8061000000.0,599000000.0,0.125528,-23.708,0.954155,IBM,120495000000.0,64217000000.0,18420000000.0,10495000000.0,45013000000.0,35966000000.0,18419000000.0,18544000000.0,8794000000.0,147000000.0,101951000000.0,120495000000.0,64578000000.0,65986000000.0,6203000000.0,2591000000.0,-147000000.0,2443000000.0,19289000000.0,-161860000000.0,936100000.0,934900000.0,939600000.0
5442000000.0,9076000000.0,4352000000.0,20880000000.0,-273000000.0,384000000.0,-27521000000.0,7.8611,8.5929,0.6607,0.883622,6432.38375,6942.41,2.93,2.93,21.0313,647000000.0,10915000000.0,1.5,,,10.9595,142.201171391024,151.876435709974,,54395000000.0,0.300185,6.0945,0.540542,0.158772,10649000000.0,,3038000000.0,3918000000.0,2017-09-30,45626000000.0,2.6766,2.3094,0.697827,1176000000.0,792000000.0,5829000000.0,17344000000.0,2.92,14.9136,6000000.0,0.030942,0.481783,46.4311,42.4771,0.08352,3232000000.0,4408000000.0,-0.030783,0.230147,0.188781,-0.055247,0.168746,0.247395,328000000.0,0.110604,4521000000.0,1.64827635399e+11,-0.020134,0.177419,13.1578,9.6696,22.1685,3.3597,13.8554,11.0105,2.1033,7.0725,-1.819799,-9.739387,1.5371,-1586470799.3,36782000000.0,0.459458,31937000000.0,339000000.0,-473000000.0,3981000000.0,0.948329,49060000000.0,0.100025,4461000000.0,0.040288,1.6735,24.4743,40000000.0,3520000000.0,6.4265,41327000000.0,4806000000.0,41327000000.0,0.632076,2.0918,135392635399.3,-2757000000.0,-1923000000.0,3569000000.0,-2756000000.0,-1923000000.0,3570000000.0,-781000000.0,29305000000.0,2725000000.0,2725000000.0,0.0,-0.044515,0.169455,2726000000.0,1711000000.0,148529200.7,29303000000.0,11057000000.0,0.005235,141000000.0,0.001988,130000000.0,0.007558,3579000000.0,7289000000.0,17554000000.0,8459000000.0,2874529200.7,-0.039324,0.150082,0.162236,18050000000.0,13045000000.0,-0.132864,0.030006,5.517774,10353000000.0,0.168746,19153000000.0,0.290712,0.111482,,-6000000.0,-480000000.0,,,7723000000.0,-114000000.0,-1395000000.0,0.0,4389000000.0,6.8983,11.9732,1.7277,nm,0.142328,-1424000000.0,-848000000.0,1034000000.0,0.053986,-3967000000.0,-949000000.0,155565000000.0,-0.003849,-0.007051,0.378001,0.094029,0.624402,0.629157,0.251156,0.245921,895000000.0,201000000.0,4648000000.0,0.242677,4299000000.0,600000000.0,0.065751,-22.6483,0.889396,IBM,121636000000.0,65383000000.0,19627000000.0,10353000000.0,44742000000.0,31697000000.0,19627000000.0,19757000000.0,8800000000.0,168000000.0,101879000000.0,121636000000.0,65838000000.0,70183000000.0,5568000000.0,3232000000.0,-168000000.0,3065000000.0,19153000000.0,-162812000000.0,930400000.0,929437441.0,933227429.0
6451000000.0,9909000000.0,4510000000.0,21215000000.0,-259000000.0,359000000.0,-26592000000.0,6.7793,7.8558,0.6518,1.711455,6942.41,7106.665714285715,-5.42,-1.11,18.7682,833000000.0,11972000000.0,-4.4,1597000000.0,1208000000.0,5.9591,151.876435709974,153.43,0.0,54566000000.0,0.272553,6.4867,0.518233,0.136914,11552000000.0,,4219000000.0,3644000000.0,2017-12-31,46824000000.0,2.8284,2.6417,0.725402,1149000000.0,790000000.0,6779000000.0,19359000000.0,-1.11,13.3368,-35000000.0,0.029629,0.957066,53.8403,46.4627,0.040003,4631000000.0,5780000000.0,-0.078297,0.25641,0.311252,-0.099728,0.205439,0.432859,62000000.0,1.235676,4643000000.0,1.73269702588e+11,-1.23617,-1.380137,14.4223,10.4663,26.7841,3.6827,28.5541,10.3605,2.1894,7.2122,0.630671,0.564811,1.6165,-690415174.6,36788000000.0,0.481767,32331000000.0,5521000000.0,5570000000.0,3742000000.0,0.964802,47049000000.0,-0.008451,-401000000.0,-0.040991,1.6749,27.368,38000000.0,908000000.0,6.7233,39837000000.0,4919000000.0,39837000000.0,0.617159,2.2475,143813702587.5,-917000000.0,-3819000000.0,5733000000.0,-919000000.0,-3818000000.0,5733000000.0,1057000000.0,29325000000.0,-1054000000.0,-1054000000.0,-1000000.0,-1.23417,-1.386647,-1054000000.0,1583000000.0,-37415174.6,29324000000.0,11116000000.0,-0.001282,68000000.0,0.002029,131000000.0,0.007697,3746000000.0,4862000000.0,16720000000.0,9550000000.0,-1091415174.6,-1.234732,-0.048417,-1.379685,21721000000.0,12372000000.0,0.440814,0.605882,6.882353,11681000000.0,0.205439,22542000000.0,0.276329,0.133908,,-40000000.0,-2630000000.0,,,9965000000.0,2000000.0,-1387000000.0,0.0,3942000000.0,8.1745,24.998,1.8172,nm,-0.046757,-1194000000.0,-956000000.0,1080000000.0,0.047911,230000000.0,-666000000.0,153126000000.0,0.035462,0.176944,-0.129015,-0.030477,-0.208492,-0.210109,-0.081094,-0.079813,1132000000.0,123000000.0,5147000000.0,0.228329,6987000000.0,608000000.0,0.108243,-24.4691,-0.2359,IBM,125356000000.0,64549000000.0,17593000000.0,11682000000.0,49735000000.0,37363000000.0,17594000000.0,17725000000.0,10860000000.0,165000000.0,107631000000.0,125356000000.0,64504000000.0,70268000000.0,6229000000.0,4631000000.0,-165000000.0,4468000000.0,22542000000.0,-163507000000.0,9279000000.0,932828295.0,937385625.0
