accountspayable,accountsreceivable,accruedexpenses,acquisitions,amortizationexpense,aoci,apturnover,arturnover,assetturnover,augmentedpayoutratio,baseline_price,baseline_price_next_quarter,basicdilutedeps,basiceps,bookvaluepershare,capex,capitalleaseobligations,cashandequivalents,cashdividendspershare,cashincometaxespaid,cashinterestpaid,ccc,close_price,close_price_next_quarter,commitmentsandcontingencies,commonequity,commontocap,compoundleveragefactor,costofrevtorevenue,croic,currentdeferredrevenue,currentdeferredtaxassets,currentdeferredtaxliabilities,date,debt,debttoebitda,debttoequity,debttototalcapital,depreciationandamortization,depreciationexpense,dfcfnwc,dfnwc,dilutedeps,dio,divestitures,dividendyield,divpayoutratio,dpo,dso,earningsyield,ebit,ebitda,ebitdagrowth,ebitdamargin,ebitdaqoqgrowth,ebitgrowth,ebitmargin,ebitqoqgrowth,effectofexchangeratechanges,efftaxrate,enterprisevalue,epsgrowth,epsqoqgrowth,evtoebit,evtoebitda,evtofcff,evtoinvestedcapital,evtonopat,evtoocf,evtorevenue,faturnover,fcffgrowth,fcffqoqgrowth,finleverage,freecashflow,goodwill,grossmargin,incometaxexpense,increasedecreaseinoperatingcapital,intangibleassets,interestburdenpct,investedcapital,investedcapitalgrowth,investedcapitalincreasedecrease,investedcapitalqoqgrowth,investedcapitalturnover,invturnover,issuanceofcommonequity,issuanceofdebt,leverageratio,longtermdebt,longterminvestments,ltdebtandcapleases,ltdebttocap,ltdebttoequity,marketcap,marketingexpense,netcashfromcontinuingfinancingactivities,netcashfromcontinuinginvestingactivities,netcashfromcontinuingoperatingactivities,netcashfromfinancingactivities,netcashfrominvestingactivities,netcashfromoperatingactivities,netchangeincash,netdebt,netincome,netincomecontinuing,netincomegrowth,netincomeqoqgrowth,netincometocommon,netincometononcontrollinginterest,netnonopex,netnonopobligations,netppe,nnep,noncashadjustmentstonetincome,noncontrolinttocap,noncontrollinginterests,noncontrollinginterestsharingratio,noncurrentdeferredrevenue,noncurrentdeferredtaxassets,noncurrentdeferredtaxliabilities,nopat,nopatgrowth,nopatmargin,nopatqoqgrowth,nwc,ocfgrowth,ocfqoqgrowth,ocftocapex,operatingcostofrevenue,operatingmargin,operatingrevenue,opextorevenue,oroa,othercurrentassets,othercurrentnonoperatingassets,otherfinancingactivitiesnet,otherincome,otherinvestingactivitiesnet,othernoncurrentassets,othernoncurrentliabilities,otherspecialcharges,paymentofdividends,preferredtocap,prepaidexpenses,pricetobook,pricetoearnings,pricetorevenue,pricetotangiblebook,profitmargin,purchaseofinvestments,purchaseofplantpropertyandequipment,rdexpense,rdextorevenue,redeemablenoncontrollinginterest,repaymentofdebt,restrictedcash,retainedearnings,revenuegrowth,revenueqoqgrowth,rnnoa,roa,roce,roe,roic,roicnnepspread,saleofinvestments,saleofplantpropertyandequipment,sgaexpense,sgaextorevenue,shorttermdebt,shortterminvestments,stdebttocap,tangbookvaluepershare,taxburdenpct,ticker,totalassets,totalcapital,totalcommonequity,totalcostofrevenue,totalcurrentassets,totalcurrentliabilities,totalequity,totalequityandnoncontrollinginterests,totalgrossprofit,totalinterestexpense,totalinterestincome,totalliabilities,totalliabilitiesandequity,totalnoncurrentassets,totalnoncurrentliabilities,totaloperatingexpenses,totaloperatingincome,totalotherincome,totalpreferredequity,totalpretaxincome,totalrevenue,weightedavebasicdilutedsharesos,weightedavebasicsharesos,weightedavedilutedsharesos
,,,,,,,,,,1537.69,1810.0442857142855,,,,,,,,,,,8.1825,9.5425,,,,,,,,,,2009-03-31,,,,,,,,,,,,,,,,,,,,,,,,,,,,,,,,,,,,,,,,,,,,,,,,,,,,,,,,,,,,,,,,,,,,,,,,,,,,,,,,,,,,,,,,,,,,,,,,,,,,,,,,,,,,,,,,,,,,,,,,,,,,,,,,,,,,,,,,,,,,,,,CRM,,,,,,,,,,,,,,,,,,,,,,,,
,,,,,,nm,nm,nm,nm,1810.0442857142855,2123.9362499999997,0.08,0.08,nm,nm,,,,,,nm,9.5425,14.2325,,,nm,nm,0.205609,nm,,,,2009-06-30,nm,nm,nm,nm,nm,,nm,nm,0.08,nm,,0.0,nm,nm,nm,nm,15258000.0,nm,nm,nm,nm,nm,0.057998,nm,,0.480652,nm,nm,nm,nm,nm,nm,nm,nm,nm,nm,nm,nm,nm,nm,nm,,0.794391,10558000.0,,,1.439638,nm,nm,nm,nm,nm,nm,,,nm,,,nm,nm,nm,500855158.8,130774000.0,,,,,,,,nm,11408000.0,11408000.0,nm,nm,9996000.0,1412000.0,-3047534.6,nm,,nm,,nm,,nm,,,,8360465.4,nm,0.03178,nm,nm,nm,nm,nm,54091000.0,0.061191,263077000.0,0.7332,nm,,,,-840000.0,,,,,,nm,,nm,nm,nm,nm,0.043364,,,24033000.0,0.091353,,,,,nm,nm,nm,nm,nm,nm,nm,nm,,,38081000.0,0.144752,,,nm,nm,0.519348,CRM,,nm,,54091000.0,,,,,208986000.0,-6708000.0,,,,,,192888000.0,16098000.0,5868000.0,,21966000.0,263077000.0,125000000.0,120863000.0,125626000.0
,,,-27344000.0,14784000.0,,nm,nm,nm,nm,2123.9362499999997,2273.19625,0.08,0.08,nm,11614000.0,,,,1894000.0,-86000.0,nm,14.2325,18.4425,,,nm,nm,0.2038,nm,,,,2009-09-30,nm,nm,nm,nm,22694000.0,7910000.0,nm,nm,0.08,nm,,0.0,nm,nm,nm,nm,16667000.0,39361000.0,nm,0.142361,nm,nm,0.060281,0.092345,49000.0,0.430292,nm,nm,0.0,nm,nm,nm,nm,nm,nm,nm,nm,nm,nm,nm,nm,,0.7962,8824000.0,-20878000.0,,1.230395,nm,nm,nm,nm,nm,nm,,-5000.0,nm,,,nm,nm,nm,242132355.0,136452000.0,24005000.0,-85914000.0,17121000.0,24015000.0,-85914000.0,17121000.0,-44729000.0,nm,11683000.0,11683000.0,nm,0.024106,10124000.0,1559000.0,-2491902.4,nm,,nm,3622000.0,nm,,nm,,,,9191097.6,nm,0.033242,0.099352,nm,nm,nm,1.474169,56348000.0,0.05835,276487000.0,0.73785,nm,,,24301000.0,534000.0,,,,,,nm,,nm,nm,nm,nm,0.042255,-140709000.0,-11614000.0,26270000.0,0.095014,,-291000.0,,,nm,0.050974,nm,nm,nm,nm,nm,nm,93753000.0,,41284000.0,0.149316,,,nm,nm,0.569708,CRM,,nm,,56348000.0,,,,,220139000.0,-3840000.0,,,,,,204006000.0,16133000.0,4374000.0,,20507000.0,276487000.0,126600000.0,121635000.0,125133000.0
16379000.0,266555000.0,163205000.0,-563000.0,15318000.0,-2905000.0,,,,,2273.19625,2401.8687499999996,,,,,7616000.0,483834000.0,,2291000.0,60000.0,,18.4425,18.6125,,648847000.0,,,,,583763000.0,31900000.0,3619000.0,2009-12-31,,,,,,11033000.0,,,,,,,,,,,,,,,,,,,933000.0,,,,,,,,,,,,,,,,,44872000.0,,,26781000.0,29989000.0,,,,,,,,,,,0.0,184962000.0,,,,,,-7272000.0,32330000.0,75529000.0,-7272000.0,32330000.0,75529000.0,101520000.0,,13875000.0,13875000.0,,,,,,,77027000.0,,8522000.0,,10703000.0,,22753000.0,26589000.0,,,,,,,,,,,,,,,39384000.0,,15056000.0,,,47826000.0,,,-21622000.0,,33115000.0,,,,,,-108927000.0,-12232000.0,,,,-706000.0,,25842000.0,,,,,,,,,154052000.0,,,,,213769000.0,,,,CRM,1479822000.0,,671784000.0,,1068557000.0,766966000.0,671784000.0,682487000.0,,,,797335000.0,1479822000.0,334238000.0,30369000.0,,,,0.0,,,,,
,,,,14946000.0,,nm,nm,nm,nm,2401.8687499999996,2213.88625,0.15,0.15,nm,13428000.0,,,,4283000.0,208000.0,nm,18.6125,21.455,,,nm,nm,0.202673,nm,,,,2010-03-31,nm,nm,nm,nm,27091000.0,12145000.0,nm,nm,0.15,nm,,0.0,nm,nm,nm,nm,30494000.0,57585000.0,nm,0.18885,nm,nm,0.100005,nm,-1407000.0,0.454475,nm,nm,nm,nm,nm,nm,nm,nm,nm,nm,nm,nm,nm,nm,nm,,0.797327,15823000.0,39677000.0,,1.141733,nm,nm,nm,nm,nm,nm,,,nm,,,nm,nm,nm,335386918.1,138267000.0,17368000.0,-256066000.0,97976000.0,17368000.0,-256066000.0,97976000.0,-142129000.0,nm,18993000.0,18993000.0,nm,nm,18436000.0,557000.0,-2560149.0,nm,,nm,12215000.0,nm,,nm,,,,16432851.0,nm,0.053892,nm,nm,nm,0.297197,7.296396,61800000.0,0.098789,304924000.0,0.698538,nm,,,18616000.0,371000.0,,,,,,nm,,nm,nm,nm,nm,0.062288,-459251000.0,-13428000.0,31584000.0,0.10358,,-1248000.0,,,nm,nm,nm,nm,nm,nm,nm,nm,216613000.0,,43150000.0,0.141511,,,nm,nm,0.545525,CRM,,nm,,61800000.0,,,,,243124000.0,208000.0,4530000.0,,,,,213001000.0,30123000.0,4693000.0,,34816000.0,304924000.0,122900000.0,123206000.0,125349000.0
13389000.0,168842000.0,157604000.0,,15315000.0,-2016000.0,nm,nm,nm,nm,2213.88625,2360.2855555555557,0.17,0.17,6.2506,18628000.0,14796000.0,246169000.0,,16791000.0,284000.0,nm,21.455,27.95,,727657000.0,0.968099,2.4487,0.197734,nm,538836000.0,26827000.0,2759000.0,2010-06-30,14796000.0,nm,0.0184,0.018106,27459000.0,12144000.0,-431396000.0,-11270000.0,0.17,nm,,0.0,nm,nm,nm,nm,28417000.0,55876000.0,nm,0.176789,-0.029678,0.862433,0.08991,-0.068112,-2238000.0,0.391124,-661501347.5,1.125,0.133333,nm,nm,nm,nm,nm,nm,nm,nm,nm,nm,-1.2657,nm,44872000.0,0.802266,14030000.0,-8635000.0,28981000.0,1.262308,-213220000.0,nm,nm,nm,nm,nm,,,1.9399,,610280000.0,14796000.0,0.018106,0.0184,342835652.5,146214000.0,18568000.0,-157721000.0,45855000.0,18568000.0,-157721000.0,45855000.0,-95536000.0,-1015610000.0,21841000.0,21841000.0,0.914534,0.14995,21198000.0,643000.0,-3885848.2,-1015610000.0,96470000.0,0.003826,5190000.0,0.013795,11273000.0,nm,10174000.0,29865000.0,16579000.0,17955151.8,1.147626,0.056809,0.092638,-11270000.0,nm,-0.531977,2.461617,62496000.0,0.093302,316061000.0,0.708964,nm,36370000.0,,20826000.0,-1072000.0,,44741000.0,,,,0.0,49153000.0,0.4334,nm,nm,0.478,0.069104,-309925000.0,-18628000.0,31103000.0,0.098408,,-2258000.0,,65476000.0,0.201401,0.036524,nm,nm,nm,nm,nm,nm,170832000.0,,46759000.0,0.147943,,173957000.0,0.0,5.6671,0.608876,CRM,1556527000.0,817186000.0,791117000.0,62496000.0,701318000.0,712588000.0,791117000.0,802390000.0,253565000.0,293000.0,7747000.0,754137000.0,1556527000.0,758739000.0,41549000.0,224076000.0,29489000.0,6382000.0,,35871000.0,316061000.0,124700000.0,123846000.0,126566000.0
15617000.0,191297000.0,174309000.0,-4500000.0,15698000.0,-3239000.0,nm,nm,nm,nm,2360.2855555555557,2664.7025,0.17,0.17,6.679,10389000.0,14952000.0,242888000.0,,6446000.0,301000.0,nm,27.95,33.0,,775963000.0,0.969959,2.3442,0.198367,nm,533502000.0,26992000.0,3050000.0,2010-09-30,14952000.0,nm,0.0172,0.016886,29299000.0,13601000.0,-408897000.0,36437000.0,0.16,nm,,0.0,nm,nm,nm,nm,29805000.0,59104000.0,0.501588,0.178806,0.057771,0.788264,0.090168,0.048844,-2531000.0,0.42071,-587377062.5,1.0,-0.058824,nm,nm,nm,nm,nm,nm,nm,nm,nm,nm,-1.2121,nm,45402000.0,0.801633,15573000.0,-28228000.0,32780000.0,1.241939,-184600000.0,nm,nm,0.134228,nm,nm,,,1.8876,,624758000.0,14952000.0,0.016886,0.0172,456113937.5,152166000.0,23562000.0,-59832000.0,35520000.0,23562000.0,-59832000.0,35520000.0,-3281000.0,-1055140000.0,21443000.0,21443000.0,0.835402,-0.018223,20691000.0,752000.0,-3982619.0,-1055140000.0,95598000.0,0.003774,13006000.0,0.013155,11649000.0,nm,31231000.0,30695000.0,,17460381.0,0.899706,0.052822,-0.027556,36437000.0,1.074645,-0.225384,3.419001,65570000.0,0.091185,330549000.0,0.710448,nm,37065000.0,,25960000.0,-336000.0,,51053000.0,,,,0.0,62227000.0,0.531,nm,nm,0.5842,0.064871,-215743000.0,-10389000.0,32763000.0,0.099117,,-2398000.0,,86167000.0,0.195532,0.045839,nm,nm,nm,nm,nm,nm,170800000.0,,49909000.0,0.150988,,202446000.0,0.0,6.071,0.57929,CRM,1643201000.0,885492000.0,858891000.0,65570000.0,762915000.0,726478000.0,858891000.0,870540000.0,264979000.0,292000.0,7503000.0,772661000.0,1643201000.0,784688000.0,46183000.0,234838000.0,30141000.0,6875000.0,,37016000.0,330549000.0,121700000.0,124561000.0,128596000.0
14791000.0,320956000.0,203162000.0,-7499000.0,18660000.0,-1430000.0,16.5496,4.4445,0.6627,0.0,2664.7025,2733.241111111111,0.16,0.16,8.1474,7056000.0,13485000.0,1011306000.0,,959000.0,276000.0,60.0699,33.0,33.395,,938671000.0,0.686554,3.1105,0.19223,nm,690177000.0,40116000.0,,2010-12-31,463683000.0,2.0006,0.4388,0.304985,33947000.0,15287000.0,-443936000.0,798029000.0,0.15,0.0,,0.0,0.0,22.055,82.1248,0.039657,25257000.0,59204000.0,nm,0.16722,0.001692,nm,0.071338,-0.152592,4200000.0,0.353625,-741648206.3,nm,-0.0625,nm,nm,nm,nm,nm,nm,nm,15.6603,nm,nm,-1.1956,nm,48955000.0,0.80777,12263000.0,28256000.0,34809000.0,1.373006,-206699000.0,nm,nm,-0.119713,-6.3163,nm,153139000.0,567094000.0,2.2655,450198000.0,485083000.0,463683000.0,0.304985,0.4388,508852793.8,168552000.0,577655000.0,95003000.0,91560000.0,577655000.0,95003000.0,91560000.0,768418000.0,-1263365000.0,22415000.0,22415000.0,nm,0.045329,20394000.0,2021000.0,-5920150.7,-1263365000.0,89711000.0,0.004686,6942000.0,0.008461,12864000.0,0.013551,31722000.0,27579000.0,,16494849.3,nm,0.046589,-0.055298,798029000.0,0.21225,1.577703,12.97619,68059000.0,0.072078,354049000.0,0.735692,0.047277,47388000.0,,-13863000.0,-262000.0,,67905000.0,,,,0.0,55734000.0,0.4875,6.304,0.3898,0.53,0.06331,-337433000.0,-7056000.0,36447000.0,0.102943,,-128715000.0,,106561000.0,nm,0.071094,nm,0.041958,0.096075,0.097395,nm,nm,446991000.0,,55472000.0,0.156679,,230659000.0,0.0,7.4936,0.646375,CRM,2460201000.0,1520349000.0,1043802000.0,68059000.0,1706159000.0,908130000.0,1043802000.0,1056666000.0,285990000.0,1207000.0,10628000.0,1403535000.0,2460201000.0,664331000.0,495405000.0,260471000.0,25519000.0,9159000.0,0.0,34678000.0,354049000.0,124200000.0,124462000.0,128114000.0
13133000.0,183612000.0,171612000.0,0.0,24940000.0,70000.0,20.3842,7.5021,0.5536,0.014876,2733.241111111111,2695.2611111111114,0.14,0.14,8.5785,11690000.0,11805000.0,690794000.0,,-5513000.0,215000.0,30.7472,33.395,37.245,,1010134000.0,0.702126,2.2235,0.189964,nm,647454000.0,36315000.0,5901000.0,2011-03-31,467454000.0,1.9103,0.4071,0.289298,39445000.0,14505000.0,-526100000.0,425652000.0,0.13,0.0,,0.0,0.014876,17.906,48.6532,0.028277,31077000.0,70522000.0,0.224659,0.187154,0.19117,0.019119,0.082473,0.230431,825000.0,0.376772,-712694150.0,-0.133333,-0.133333,nm,nm,nm,nm,nm,nm,nm,15.886,nm,nm,-1.2488,nm,47749000.0,0.810036,12016000.0,66682000.0,35050000.0,1.026225,-285727000.0,nm,nm,-0.382334,-4.8209,nm,,,2.1666,455649000.0,949796000.0,467454000.0,0.289298,0.4071,707542850.0,175867000.0,43613000.0,-508133000.0,143183000.0,43613000.0,-508133000.0,143183000.0,-320512000.0,-1434094000.0,19876000.0,19876000.0,0.046491,-0.113272,17745000.0,2131000.0,721698.5,-1434094000.0,86710000.0,-0.000503,17180000.0,0.008576,13857000.0,0.012067,34176000.0,34181000.0,,20597698.5,0.253446,0.054663,0.248735,425652000.0,0.461409,0.563816,12.248332,71581000.0,0.087709,376813000.0,0.722326,0.045659,46215000.0,,46804000.0,-1973000.0,0.0,70859000.0,,,-1273000.0,0.0,45858000.0,0.6237,8.8412,0.5137,0.6728,0.052748,-816858000.0,-11690000.0,40122000.0,0.106477,,-1918000.0,,124306000.0,0.23576,0.064296,nm,0.029202,0.07362,0.074519,nm,nm,320415000.0,,56193000.0,0.149127,,260958000.0,0.0,7.9524,0.623228,CRM,2488097000.0,1615821000.0,1134510000.0,71581000.0,1263752000.0,838100000.0,1134510000.0,1148367000.0,305232000.0,7060000.0,7875000.0,1339730000.0,2488097000.0,1137635000.0,501630000.0,272182000.0,33050000.0,-1158000.0,,31892000.0,376813000.0,126800000.0,128032000.0,132251000.0
20745000.0,228550000.0,236034000.0,-151503000.0,23639000.0,7855000.0,16.5817,7.3267,0.6843,0.01585,2695.2611111111114,2502.065555555556,0.11,0.11,9.2463,27831000.0,14577000.0,409925000.0,,723000.0,2351000.0,27.8057,37.245,28.57,,1093721000.0,0.716581,2.1824,0.19725,nm,662897000.0,44088000.0,8890000.0,2011-06-30,475759000.0,1.8427,0.3789,0.274796,41432000.0,17793000.0,-558697000.0,183570000.0,0.11,0.0,,0.0,0.01585,22.0122,49.8179,0.022166,27917000.0,69349000.0,0.241123,0.175847,-0.016633,-0.017595,0.070788,-0.101683,3493000.0,0.437235,-538445300.0,-0.352941,-0.153846,nm,nm,nm,nm,nm,nm,nm,14.7484,nm,nm,-1.1656,-68902005.5,184539000.0,0.80275,12884000.0,14368000.0,64186000.0,1.055522,-127614000.0,0.401491,85606000.0,0.553371,-8.5425,nm,,,2.0676,461182000.0,1116661000.0,475759000.0,0.274796,0.3789,829794700.0,182401000.0,54906000.0,-415364000.0,76096000.0,54906000.0,-415364000.0,76096000.0,-280869000.0,-1383169000.0,16583000.0,16583000.0,-0.24074,-0.165677,14744000.0,1839000.0,120994.5,-1383169000.0,100946000.0,-0.000101,3713000.0,0.008623,14929000.0,0.012732,38596000.0,36255000.0,,16703994.5,-0.069682,0.042356,-0.189036,183570000.0,0.659492,-0.46854,2.734217,77790000.0,0.075264,394372000.0,0.727486,0.048438,47093000.0,,57029000.0,-1765000.0,,83753000.0,,,,0.0,50138000.0,0.6689,11.2784,0.57,0.8366,0.042049,-408081000.0,-27831000.0,42930000.0,0.108857,,-2123000.0,,139050000.0,0.247772,0.046599,nm,0.028773,0.077062,0.078056,nm,nm,172051000.0,,61569000.0,0.156119,,332342000.0,0.0,7.3925,0.562765,CRM,2698476000.0,1731314000.0,1240626000.0,77790000.0,1112136000.0,928566000.0,1240626000.0,1255555000.0,316582000.0,7185000.0,8735000.0,1442921000.0,2698476000.0,1485394000.0,514355000.0,286900000.0,29682000.0,-215000.0,,29467000.0,394372000.0,134000000.0,129462000.0,134176000.0
23320000.0,258764000.0,287627000.0,-3834000.0,26614000.0,9030000.0,15.387,6.9072,0.7091,1.873945,2502.065555555556,2604.3042857142855,0.16,0.16,8.8314,20790000.0,27949000.0,630303000.0,,4260000.0,1414000.0,29.1224,28.57,25.365,,1041136000.0,0.708906,2.3705,0.191409,nm,672454000.0,49620000.0,9644000.0,2011-09-30,494796000.0,1.7694,0.4081,0.289818,46324000.0,19710000.0,-569957000.0,199891000.0,0.15,0.0,,0.0,1.873945,23.7214,52.8437,0.018597,34235000.0,80559000.0,0.363004,0.187745,0.161646,0.148633,0.079786,0.226314,-2223000.0,0.419917,-311297432.5,-0.0625,0.363636,nm,nm,nm,nm,nm,nm,nm,14.6859,nm,-0.001837,-1.1343,-69028602.5,187038000.0,0.808591,16192000.0,-5706000.0,79499000.0,1.126333,-95178000.0,0.48441,89422000.0,0.254173,-11.1111,nm,,,2.1046,466847000.0,1032592000.0,494796000.0,0.289818,0.4081,994168567.5,200544000.0,-95155000.0,243716000.0,74040000.0,-95155000.0,243716000.0,74040000.0,220378000.0,-1307644000.0,22368000.0,22368000.0,0.043138,0.348851,21072000.0,1296000.0,-1974602.5,-1307644000.0,116078000.0,0.001671,11054000.0,0.001276,2178000.0,0.006638,40387000.0,30501000.0,,20393397.5,0.167981,0.047527,0.22087,199891000.0,1.084459,-0.027019,3.561328,82131000.0,0.081932,429087000.0,0.726659,0.056576,50361000.0,,58931000.0,-921000.0,-8000000.0,102050000.0,,,-150970000.0,0.0,64343000.0,0.8214,13.4429,0.6396,1.0534,0.052129,-300557000.0,-20790000.0,47305000.0,0.110246,,-3116000.0,,160122000.0,0.298104,0.088026,nm,0.036965,0.077487,0.078005,nm,nm,576897000.0,,63951000.0,0.14904,,139545000.0,0.0,6.8865,0.580083,CRM,2740694000.0,1707262000.0,1210288000.0,82131000.0,1192936000.0,993045000.0,1210288000.0,1212466000.0,346956000.0,7374000.0,11699000.0,1528228000.0,2740694000.0,1431680000.0,535183000.0,311800000.0,35156000.0,3404000.0,,38560000.0,429087000.0,131700000.0,130888000.0,137044000.0
18106000.0,426943000.0,345121000.0,-247994000.0,24587000.0,6719000.0,19.6865,4.4315,0.597,2.467308,2604.3042857142855,3092.6712500000003,0.08,0.08,9.3449,30576000.0,25487000.0,424292000.0,0.15,620000.0,1310000.0,63.8251,25.365,38.6275,0.0,1098737000.0,0.719346,-5.9301,0.202052,-1.385729,913239000.0,27516000.0,,2011-12-31,498025000.0,1.8653,0.3902,0.280654,48325000.0,23738000.0,-698512000.0,-201542000.0,0.08,0.0,,0.0,2.467308,18.5406,82.3658,0.01462,-1757000.0,46568000.0,-0.213432,0.101929,-0.421939,-1.069565,-0.003846,-1.051322,290000.0,-1.482302,192984607.5,-0.466667,-0.466667,2.1098,0.7228,nm,0.5259,2.9621,0.4204,0.1165,6.9498,nm,-7.3245,-0.9313,-574628580.0,396081000.0,0.797948,-6491000.0,54076000.0,127987000.0,-2.492316,366959000.0,2.77533,573658000.0,4.855502,20.6806,nm,160402000.0,,2.3793,472538000.0,910587000.0,498025000.0,0.280654,0.3902,1102516607.5,233217000.0,10710000.0,-382773000.0,165762000.0,10710000.0,-382773000.0,165762000.0,-206011000.0,-909532000.0,10870000.0,10870000.0,-0.515057,-0.514038,10913000.0,-43000.0,-11840580.0,-909532000.0,387174000.0,0.010898,52491000.0,0.0,,0.005514,40183000.0,41199000.0,,-970580.0,-1.058841,-0.002124,-1.047593,-201542000.0,0.810419,1.238817,5.421311,92311000.0,-0.000856,456867000.0,0.798804,-0.002296,67774000.0,,-126773000.0,-1366000.0,-269944000.0,153213000.0,,,-19721000.0,0.0,55721000.0,0.8637,17.1002,0.6653,1.4653,0.023792,-177158000.0,-30576000.0,57530000.0,0.125923,0.0,-3198000.0,,171035000.0,0.290406,0.064742,0.051067,0.014205,0.007093,0.007132,-0.043934,-0.054833,342899000.0,,74200000.0,0.162411,0.0,72678000.0,0.0,5.5083,2.482302,CRM,3091165000.0,1774516000.0,1276491000.0,92311000.0,1074924000.0,1276466000.0,1276491000.0,1276491000.0,364556000.0,3290000.0,9426000.0,1814674000.0,3091165000.0,1629067000.0,538208000.0,364947000.0,-391000.0,4770000.0,0.0,4379000.0,456867000.0,128900000.0,130222000.0,136598000.0
16969000.0,270816000.0,295970000.0,-13335000.0,26930000.0,76000.0,23.6063,7.8547,0.6356,3.390022,3092.6712500000003,2879.0075,0.0,0.0,8.9013,27314000.0,49062000.0,664612000.0,,10978000.0,337000.0,31.0072,38.6275,34.565,,1084001000.0,0.668,-0.4868,0.204348,-1.680762,893904000.0,23791000.0,,2012-03-31,527431000.0,2.1148,0.39,0.280593,56523000.0,29593000.0,-782550000.0,-18714000.0,0.0,0.0,,0.0,3.390022,15.462,46.4692,0.009669,-3603000.0,52920000.0,-0.249596,0.104924,0.136403,-1.115938,-0.007144,-1.050655,-6518000.0,0.321383,323726575.0,-1.0,-1.0,5.7002,1.298,nm,0.9057,7.6333,0.7108,0.1814,6.697,nm,-0.122548,-0.9713,-645048163.9,406889000.0,0.795652,251000.0,36941000.0,124661000.0,-0.216764,357419000.0,2.250911,643146000.0,-0.025997,49.7877,nm,32286000.0,,2.2459,0.0,758449000.0,49062000.0,0.026101,0.0363,1221949575.0,254471000.0,27958000.0,79362000.0,139518000.0,27958000.0,79362000.0,139518000.0,240320000.0,-994854000.0,530000.0,530000.0,-0.973335,-0.951242,530000.0,,-2432163.9,-994854000.0,446268000.0,0.002003,45524000.0,0.051408,,0.044184,41521000.0,47432000.0,,-1902163.9,-1.092348,-0.003771,-0.959822,-497083000.0,-0.025597,-0.158323,5.10793,103066000.0,-0.005557,504364000.0,0.801209,-0.00454,65800000.0,,-766000.0,-800000.0,-1014000.0,156240000.0,,,,0.0,63886000.0,0.9732,25.8564,0.6847,1.6876,0.001051,-237560000.0,-27314000.0,65292000.0,0.129454,96631000.0,-3562000.0,,171565000.0,0.338499,0.103962,0.184332,0.000668,-0.003286,-0.003438,-0.18777,-0.189773,358585000.0,,84338000.0,0.167217,478369000.0,99224000.0,0.254492,5.1331,0.678617,CRM,3128068000.0,1879704000.0,1255642000.0,103066000.0,1188129000.0,1685212000.0,1255642000.0,1255642000.0,401298000.0,3671000.0,8055000.0,1775795000.0,3128068000.0,1493671000.0,90583000.0,404101000.0,-2803000.0,3584000.0,,781000.0,504364000.0,,133454000.0,141062000.0
22321000.0,342397000.0,389853000.0,-285335000.0,26993000.0,7219000.0,18.5027,6.7828,0.6328,5.786136,2879.0075,3140.137142857143,-0.03,-0.03,10.4974,45051000.0,46088000.0,449794000.0,,1028000.0,2749000.0,34.0854,34.565,38.1725,,1243607000.0,0.695461,2.0661,0.221446,-1.145155,917755000.0,33915000.0,,2012-06-30,530216000.0,2.3225,0.3514,0.260023,67232000.0,40239000.0,-792483000.0,-215107000.0,-0.03,0.0,,0.0,5.786136,19.7269,53.8123,0.00578,-18979000.0,48253000.0,-0.3042,0.088375,-0.08819,-1.679837,-0.03476,-4.267555,3758000.0,0.759047,556161751.9,-1.272727,nm,56.2007,2.4361,nm,0.7391,30.2398,1.2032,0.2872,6.782,-11.827806,-0.370226,-0.774,-883861527.4,671570000.0,0.778554,-13445000.0,-32539000.0,198291000.0,0.933295,752453000.0,6.89632,880067000.0,1.105241,6.1978,nm,42282000.0,,2.2138,0.0,709282000.0,46088000.0,0.022602,0.0305,1221831751.9,283001000.0,20419000.0,-321928000.0,82933000.0,20419000.0,-321928000.0,82933000.0,-214818000.0,-756442000.0,-4268000.0,-4268000.0,-1.257372,-9.05283,-4268000.0,,473472.6,-756442000.0,470070000.0,-0.000443,52508000.0,0.044515,,0.038236,52288000.0,64219000.0,,-3794527.4,-1.227163,-0.00695,-0.994848,-699235000.0,0.089847,-0.405575,1.840869,120910000.0,-0.028842,546002000.0,0.807396,-0.021996,66092000.0,,-11314000.0,-3231000.0,-5422000.0,193074000.0,,,,0.0,95042000.0,0.8616,43.2553,0.631,2.2286,-0.007817,-83219000.0,-45051000.0,73393000.0,0.134419,90772000.0,-10549000.0,,167297000.0,0.384485,0.082555,0.032995,-0.004947,-0.009693,-0.010078,-0.043073,-0.04263,97099000.0,,84446000.0,0.154662,484128000.0,127582000.0,0.237421,4.0584,0.240953,CRM,3421328000.0,2039111000.0,1418123000.0,120910000.0,1114822000.0,1814057000.0,1418123000.0,1418123000.0,425092000.0,3846000.0,5112000.0,1912433000.0,3421328000.0,1836436000.0,98376000.0,440840000.0,-15748000.0,-1965000.0,,-17713000.0,546002000.0,142300000.0,135093000.0,135093000.0
28265000.0,312331000.0,409150000.0,-66115000.0,29000000.0,3977000.0,17.2473,7.3245,0.6691,5.841528,3140.137142857143,2998.25,-0.03,-0.03,11.03,34678000.0,52559000.0,502987000.0,,7858000.0,632000.0,28.6701,38.1725,42.025,,1330871000.0,0.704846,1.9543,0.220048,-1.109255,905055000.0,38834000.0,,2012-09-30,542678000.0,2.6069,0.3428,0.255277,70553000.0,41553000.0,-840078000.0,-194230000.0,-0.03,0.0,,0.0,5.841528,21.1627,49.8327,0.000756,-10127000.0,60426000.0,-0.249916,0.103423,0.252274,-1.295808,-0.017333,0.46641,-729000.0,0.575593,461427561.9,-1.2,0.0,nm,2.2166,nm,0.5565,100.5305,0.8926,0.2206,6.7369,-12.452883,-0.050655,-0.7375,-928633699.7,732062000.0,0.779952,-5094000.0,11798000.0,199413000.0,0.873901,829145000.0,9.711519,924323000.0,0.101923,5.6991,nm,15794000.0,,2.2363,0.0,650845000.0,52559000.0,0.024724,0.0332,1130671561.9,304571000.0,15001000.0,-89788000.0,128709000.0,15001000.0,-89788000.0,128709000.0,53193000.0,-754015000.0,-3756000.0,-3756000.0,-1.167918,0.119963,-3756000.0,,-554699.7,-754015000.0,504827000.0,0.000538,50114000.0,0.039877,,0.031102,42970000.0,70857000.0,,-4310699.7,-1.211377,-0.007378,-0.136031,-684349000.0,0.738371,0.551964,3.711546,128565000.0,-0.017384,584260000.0,0.797337,-0.011597,71799000.0,,6892000.0,30000.0,-6654000.0,205034000.0,,,,0.0,79428000.0,0.7546,330.7024,0.5406,1.9944,-0.006429,-122172000.0,-34678000.0,76049000.0,0.130163,84771000.0,-7685000.0,,163541000.0,0.361635,0.070069,0.031406,-0.004301,-0.010312,-0.010643,-0.042049,-0.042587,139831000.0,,85232000.0,0.14588,490119000.0,142861000.0,0.230553,4.1732,0.424407,CRM,3511278000.0,2125838000.0,1498389000.0,128565000.0,1148240000.0,1832589000.0,1498389000.0,1498389000.0,455695000.0,3859000.0,5136000.0,1928118000.0,3511278000.0,1858211000.0,95529000.0,465852000.0,-10157000.0,1307000.0,,-8850000.0,584260000.0,125200000.0,135847000.0,135847000.0
512260000.0,683745000.0,,-57914000.0,34619000.0,12683000.0,1.8436,4.0813,0.6248,0.0,2998.25,3246.57,-0.01,-0.01,2.933,44602000.0,72091000.0,607284000.0,,1117000.0,2869000.0,-108.5526,42.025,44.7075,,1415214000.0,0.710438,2.7197,0.215765,-0.749301,1291622000.0,31821000.0,,2012-12-31,568240000.0,2.4151,0.3411,0.254321,80520000.0,45901000.0,-909526000.0,-131660000.0,-0.01,0.0,,0.0,0.0,197.9844,89.4318,-0.000183,-6831000.0,73689000.0,0.582396,0.116613,0.219492,-2.887877,-0.01081,0.325467,8814000.0,0.458792,62412901400.0,-1.375161,-0.085729,nm,265.2617,nm,79.288,nm,105.5151,27.5367,4.9535,0.262725,0.543782,-0.6078,-423659281.5,785381000.0,0.784235,-3457000.0,88811000.0,188412000.0,1.10306,787167000.0,1.145109,420208000.0,-0.050628,3.9277,nm,26203000.0,,2.4656,,669308000.0,72091000.0,0.032265,0.0433,63213094400.0,327567000.0,12472000.0,-157336000.0,240347000.0,12472000.0,-157336000.0,240347000.0,104297000.0,-878934000.0,-4078000.0,-4078000.0,-1.375161,-0.085729,-4078000.0,,626718.5,-878934000.0,527946000.0,-0.000701,75094000.0,0.035241,,0.026759,125931000.0,87587000.0,,-3451281.5,-2.555896,-0.005462,0.199369,-627809000.0,0.449952,0.867367,5.388705,136345000.0,-0.010092,631913000.0,0.794326,-0.006754,98471000.0,,-4994000.0,-454000.0,-6565000.0,233298000.0,,,,0.0,80319000.0,39.8228,nm,27.8897,103.0256,-0.006453,-217650000.0,-44602000.0,80613000.0,0.12757,78741000.0,-8737000.0,,159463000.0,0.383144,0.081561,0.012612,-0.004032,-0.008603,-0.00884,-0.021452,-0.020751,169395000.0,,93765000.0,0.148383,496149000.0,170582000.0,0.222056,1.1337,0.541208,CRM,4164154000.0,2234341000.0,1587360000.0,136345000.0,1672222000.0,2300031000.0,1587360000.0,1587360000.0,495568000.0,5669000.0,4965000.0,2498053000.0,4164154000.0,1963986000.0,198022000.0,501945000.0,-6377000.0,-1158000.0,0.0,-7535000.0,631913000.0,578600000.0,541208000.0,541208000.0
19752000.0,371395000.0,399731000.0,-48913000.0,40915000.0,10197000.0,29.2678,7.6537,0.6748,0.0,3246.57,3367.4085714285716,-0.04,-0.04,3.275,44721000.0,47788000.0,440785000.0,,41961000.0,624000.0,35.2184,44.7075,38.18,,1659584000.0,0.766889,2.4952,0.217913,-0.706607,1257369000.0,47538000.0,,2013-03-31,550114000.0,2.2025,0.304,0.233111,90356000.0,49441000.0,-1064207000.0,-353819000.0,-0.04,0.0,,0.0,0.0,12.4711,47.6894,-0.000367,-22959000.0,67397000.0,0.273564,0.096909,-0.085386,-5.37219,-0.033012,-2.361001,-1760000.0,0.216865,84949423000.0,-37.745283,-3.775625,nm,340.1174,nm,120.8739,nm,127.7049,34.5654,4.935,0.437563,0.143654,-0.6647,-362798969.6,831004000.0,0.782087,-5393000.0,72108000.0,182871000.0,1.083148,702794000.0,0.966303,345375000.0,-0.107186,4.6361,nm,93567000.0,0.0,2.3036,502326000.0,946701000.0,550114000.0,0.233111,0.304,86056398000.0,369789000.0,97036000.0,-474987000.0,213212000.0,97036000.0,-474987000.0,213212000.0,-166499000.0,-1106975000.0,-19475000.0,-19475000.0,-37.745283,-3.775625,-19475000.0,,2051030.4,-1106975000.0,549732000.0,-0.001952,70223000.0,0.0,,0.03056,119357000.0,92688000.0,,-17423969.6,-8.160078,-0.025054,-4.048551,-353819000.0,0.528204,-0.112899,4.767604,151551000.0,-0.031991,695467000.0,0.814079,-0.022276,93923000.0,,11043000.0,-710000.0,-4106000.0,230063000.0,,,,0.0,99789000.0,47.551,nm,35.0158,108.1255,-0.028003,-490468000.0,-44721000.0,94776000.0,0.136277,0.0,-7574000.0,,139988000.0,0.378899,0.100574,0.07591,-0.018896,-0.039012,-0.040242,-0.116152,-0.1142,113221000.0,,101600000.0,0.146089,0.0,269603000.0,0.0,1.4403,0.783135,CRM,4156092000.0,2359883000.0,1809769000.0,151551000.0,1323033000.0,1676852000.0,1809769000.0,1809769000.0,543916000.0,6370000.0,4461000.0,2346323000.0,4156092000.0,2283327000.0,669471000.0,566165000.0,-22249000.0,-2619000.0,,-24868000.0,695467000.0,486900000.0,552600000.0,552600000.0
69339000.0,446917000.0,482888000.0,-10078000.0,42154000.0,19730000.0,12.631,6.6977,0.6713,0.0,3367.4085714285716,3772.8385714285714,-0.02,-0.02,3.3931,29304000.0,49790000.0,1000730000.0,,3506000.0,2766000.0,25.5993,38.18,51.91,,1742425000.0,0.751815,2.4193,0.221989,0.006314,1268407000.0,56723000.0,,2013-06-30,558323000.0,1.9905,0.2851,0.221821,92153000.0,49999000.0,-1075172000.0,32491000.0,-0.02,0.0,,0.0,0.0,28.8971,54.4964,-0.000535,-13172000.0,78981000.0,0.63681,0.107949,0.171877,0.30597,-0.018003,0.426282,10415000.0,0.29953,68175987000.0,-1.302952,0.495302,nm,243.0577,14739.3214,95.6549,nm,94.8912,25.7921,5.1484,1.034272,1.083494,-0.5775,30291466.2,840531000.0,0.778011,-4203000.0,-16842000.0,173456000.0,1.06529,712729000.0,-0.052793,-39724000.0,0.014136,3.6081,nm,33824000.0,,2.271,,696602000.0,49790000.0,0.019782,0.0254,69355572000.0,380160000.0,41047000.0,372286000.0,136197000.0,41047000.0,372286000.0,136197000.0,559945000.0,-1245942000.0,-9829000.0,-9829000.0,-1.302952,0.495302,-9829000.0,,396466.2,-1245942000.0,556776000.0,-0.000396,70715000.0,0.026364,,0.045314,115942000.0,108031000.0,,-9432533.8,-1.485826,-0.012892,0.458646,-476042000.0,0.642253,-0.361213,4.647727,162418000.0,-0.018405,731649000.0,0.796416,-0.012086,94921000.0,,14702000.0,294000.0,,225049000.0,,,,0.0,146901000.0,36.6512,nm,26.2384,78.9633,-0.013434,-108230000.0,-29304000.0,99442000.0,0.135915,66357000.0,-7479000.0,,130159000.0,0.340012,0.052025,0.026633,-0.009019,-0.018983,-0.019884,-0.046517,-0.046121,519898000.0,,103095000.0,0.140908,508533000.0,106933000.0,0.20204,1.5749,0.70047,CRM,4453570000.0,2516994000.0,1892314000.0,162418000.0,1853125000.0,2329167000.0,1892314000.0,1892314000.0,569231000.0,8033000.0,7173000.0,2494899000.0,4453570000.0,2043669000.0,165732000.0,582697000.0,-13466000.0,-566000.0,,-14032000.0,731649000.0,491500000.0,557700000.0,557700000.0
57940000.0,418590000.0,524267000.0,-515760000.0,45541000.0,23649000.0,14.7686,7.7913,0.6984,0.0,3772.8385714285714,4159.8133333333335,-0.39,-0.39,3.6631,51054000.0,63629000.0,521720000.0,,6514000.0,641000.0,22.1322,51.91,55.19,,2150104000.0,0.765434,2.3486,0.236236,-0.656068,1226118000.0,14723000.0,,2013-09-30,578520000.0,2.1666,0.2699,0.212524,105501000.0,59960000.0,-1156604000.0,-551040000.0,-0.39,0.0,,0.0,0.0,24.7147,46.8469,-0.003055,-58548000.0,46953000.0,-0.222967,0.059555,-0.405515,-4.781377,-0.074262,-3.444883,995000.0,-2.505068,82257644760.0,-57.652023,-21.412962,nm,308.058,nm,62.9804,nm,118.2422,28.8884,5.231,0.281879,-23.015164,-0.4271,-666871599.9,1525154000.0,0.763764,157446000.0,118759000.0,225137000.0,1.073495,1306084000.0,0.575218,476939000.0,0.832511,2.6671,nm,76483000.0,,2.1878,,810486000.0,63629000.0,0.023375,0.0297,83035175760.0,428507000.0,71979000.0,-657899000.0,105915000.0,71979000.0,-657899000.0,105915000.0,-479010000.0,-837530000.0,-220297000.0,-220297000.0,-57.652023,-21.412962,-220297000.0,,30364400.1,-837530000.0,583839000.0,-0.038157,101952000.0,0.022041,,0.038846,111831000.0,6285000.0,,-189932599.9,-43.060736,-0.24091,-19.135905,-1065931000.0,-0.177097,-0.22234,2.074568,186248000.0,-0.068732,788398000.0,0.832496,-0.051868,100808000.0,,3160000.0,-4360000.0,,234104000.0,,,,0.0,117600000.0,39.8515,nm,29.1615,249.1125,-0.279424,-215162000.0,-51054000.0,114074000.0,0.144691,59999000.0,-7664000.0,,-90138000.0,0.349396,0.077563,0.258101,-0.195163,-0.369494,-0.384427,-0.642528,-0.604371,124077000.0,,113757000.0,0.144289,514891000.0,83844000.0,0.18915,0.586,3.505068,CRM,4642290000.0,2722134000.0,2083615000.0,186248000.0,1257285000.0,2323216000.0,2083615000.0,2083615000.0,602150000.0,8190000.0,3887000.0,2498676000.0,4642290000.0,2801166000.0,175460000.0,656338000.0,-54188000.0,-8663000.0,,-62851000.0,788398000.0,564900000.0,568812000.0,568812000.0
597706000.0,872634000.0,,-4994000.0,50294000.0,17137000.0,1.2317,3.9196,0.6294,0.0,4159.8133333333335,4202.429999999999,-0.04,-0.04,4.1028,50522000.0,,747245000.0,,1108000.0,2859000.0,-203.214,55.19,57.09,0.0,2411478000.0,0.80125,2.8775,0.219679,-0.605142,1798640000.0,,,2013-12-31,521278000.0,1.8664,0.2198,0.180216,107689000.0,57395000.0,-1248087000.0,-380466000.0,-0.04,0.0,,0.0,0.0,296.3356,93.1216,-0.002781,-21729000.0,85960000.0,0.166524,0.102985,0.830767,-2.18094,-0.026033,0.628869,-2213000.0,0.199631,96052153480.0,-4.111329,0.905382,nm,343.9142,nm,84.6843,nm,130.3468,31.4905,5.3861,0.14147,0.454581,-0.5241,-363724269.9,1529378000.0,0.780321,-5199000.0,73201000.0,207323000.0,1.198537,1134238000.0,0.440912,347071000.0,-0.131573,3.175,nm,147492000.0,,2.4009,0.0,890664000.0,0.0,0.0,0.0,97235548480.0,435570000.0,124483000.0,-178318000.0,281573000.0,124483000.0,-178318000.0,281573000.0,225525000.0,-1237007000.0,-20844000.0,-20844000.0,-4.111329,0.905382,-20844000.0,,4190730.1,-1237007000.0,604669000.0,-0.003961,121527000.0,0.018535,,0.032782,64355000.0,,,-16653269.9,-3.825242,-0.019952,0.91232,-901744000.0,0.171527,1.658481,5.573275,183362000.0,-0.024928,834681000.0,0.805249,-0.016384,142311000.0,,-13972000.0,-922000.0,,281042000.0,175732000.0,,,0.0,133314000.0,41.9547,nm,31.8785,167.3785,-0.024972,-217122000.0,-50522000.0,121187000.0,0.14519,53612000.0,-9037000.0,,-110982000.0,0.32088,0.058705,0.031123,-0.015716,-0.031166,-0.032223,-0.063346,-0.059385,94320000.0,,115369000.0,0.138219,521278000.0,120376000.0,0.180216,1.0284,0.800369,CRM,5528956000.0,2892523000.0,2317633000.0,183362000.0,2015880000.0,2917624000.0,2317633000.0,2317633000.0,651319000.0,8355000.0,4041000.0,3157711000.0,5528956000.0,2908407000.0,240087000.0,672126000.0,-20807000.0,-5236000.0,0.0,-26043000.0,834681000.0,563400000.0,564896000.0,564896000.0
527080000.0,502609000.0,,-22161000.0,55337000.0,13726000.0,2.7102,7.431,0.6087,0.0,4202.429999999999,4378.857142857143,-0.12,-0.12,4.1857,54010000.0,137049000.0,1927990000.0,,17283000.0,642000.0,-85.556,57.09,58.08,,2627773000.0,0.58579,2.934,0.234132,-0.757488,1674797000.0,,,2014-03-31,1694354000.0,5.9636,0.6751,0.403012,117634000.0,62297000.0,-1425655000.0,674162000.0,-0.12,0.0,,0.0,0.0,134.6746,49.1186,-0.013175,-45414000.0,72220000.0,0.071561,0.080907,-0.159842,-0.978048,-0.050876,-1.090018,-6809000.0,-0.255418,22850484350.0,-2.0,-2.0,nm,80.4272,nm,20.3156,nm,28.3198,7.0366,5.5349,-0.317245,-0.313894,-0.5769,-477895306.8,1544584000.0,0.765868,13778000.0,120413000.0,192429000.0,1.187806,1124773000.0,0.600431,421979000.0,-0.008345,3.5538,nm,151324000.0,1132750000.0,2.4701,1029495000.0,979640000.0,1166544000.0,0.277469,0.4648,24188507350.0,466490000.0,1123641000.0,-219276000.0,283189000.0,1123641000.0,-219276000.0,283189000.0,1180745000.0,-1385103000.0,-67721000.0,-67721000.0,-2.47733,-2.248945,-67721000.0,,11804693.2,-1385103000.0,623684000.0,-0.009474,112863000.0,0.011198,,0.010899,107602000.0,,,-55916306.8,-2.20916,-0.062642,-2.357677,146352000.0,0.328204,0.005739,5.24327,208994000.0,-0.049897,892633000.0,0.815765,-0.030969,119499000.0,,1866000.0,-874000.0,0.0,297333000.0,,,,0.0,154114000.0,9.8216,nm,7.4487,33.3275,-0.075867,-269403000.0,-54010000.0,131939000.0,0.147809,47080000.0,-162299000.0,,-178703000.0,0.283502,0.06943,0.122964,-0.04618,-0.098564,-0.09965,-0.222614,-0.21314,126298000.0,,129750000.0,0.145356,527810000.0,171827000.0,0.125543,1.2335,1.255418,CRM,6513709000.0,4204230000.0,2462796000.0,208994000.0,2876039000.0,2729687000.0,2462796000.0,2462796000.0,683639000.0,11883000.0,3354000.0,4003833000.0,6513709000.0,3013986000.0,1274146000.0,728179000.0,-44540000.0,-9403000.0,,-53943000.0,892633000.0,564300000.0,588385000.0,588385000.0
764083000.0,599543000.0,,-2592571000.0,59383000.0,11239000.0,1.911,6.6372,0.5591,0.0,4378.857142857143,4509.9685714285715,0.13,0.13,4.5123,102549000.0,,579881000.0,,2238000.0,4549000.0,-136.0101,58.08,57.53,,2909510000.0,0.596059,3.5266,0.227477,-1.450287,1734841000.0,,,2014-06-30,1869662000.0,6.2126,0.6539,0.395377,137349000.0,77966000.0,-1424250000.0,-800759000.0,0.12,0.0,,0.0,0.0,191.0028,54.9927,-0.008499,-41535000.0,95814000.0,0.213127,0.100109,0.326696,-2.15328,-0.043397,0.085414,-1281000.0,2.348549,28308853000.0,7.0,2.0,nm,94.0659,nm,7.452,nm,33.154,8.1516,3.988,-101.104889,-5.345164,-0.0636,-3032323866.6,3503681000.0,0.772523,-133407000.0,-142523000.0,537380000.0,1.367618,3798802000.0,4.329939,3086073000.0,2.377394,1.5395,nm,40195000.0,298500000.0,2.5786,1305271000.0,306517000.0,1305271000.0,0.276025,0.4565,27328700000.0,480621000.0,325309000.0,-1855320000.0,183183000.0,325309000.0,-1855320000.0,183183000.0,-1348109000.0,939654000.0,76603000.0,76603000.0,8.79357,2.131156,76603000.0,,-22853866.6,939654000.0,1184861000.0,0.149231,111754000.0,0.008564,,0.022179,54807000.0,,,53749133.4,6.698271,0.056159,1.961243,-1365150000.0,0.344986,-0.353142,1.786297,217717000.0,-0.041644,957094000.0,0.814167,-0.024262,119503000.0,,-1278000.0,-1678000.0,,739292000.0,687355000.0,,,0.0,355628000.0,9.6957,nm,7.8693,nm,0.080037,-60156000.0,-102549000.0,148079000.0,0.154717,40499000.0,-12108000.0,,-102100000.0,0.308133,0.072214,0.003991,0.044746,0.088442,0.090448,0.086458,-0.062774,899956000.0,,150534000.0,0.157282,564391000.0,43610000.0,0.119352,-1.9569,-1.348549,CRM,7969896000.0,4728810000.0,2818649000.0,217717000.0,1698165000.0,3063315000.0,2818649000.0,2818649000.0,739377000.0,19656000.0,4387000.0,5110748000.0,7969896000.0,5086870000.0,2047433000.0,779234000.0,-39857000.0,-16947000.0,,-56804000.0,957094000.0,589300000.0,593955000.0,624656000.0
839302000.0,604045000.0,,,61351000.0,16806000.0,1.9577,7.3544,0.5903,0.0,4509.9685714285715,4778.2242857142855,-0.21,-0.21,4.8502,72702000.0,,651750000.0,,6105000.0,7200000.0,-136.8144,57.53,59.31,,3122084000.0,0.604124,3.0374,0.249237,-1.005888,1686262000.0,,,2014-09-30,1874708000.0,5.7248,0.6363,0.388879,175698000.0,114347000.0,-1428220000.0,-724678000.0,-0.21,0.0,,0.0,0.0,186.4444,49.63,-0.004257,-102222000.0,73476000.0,0.564884,0.068284,-0.233139,-0.745952,-0.094999,-1.461105,5184000.0,-0.003168,32864051120.0,0.461538,-2.75,nm,100.3574,nm,8.7978,nm,37.1008,8.7394,4.2035,-2.790303,0.166433,-0.0095,-2527645275.5,3495021000.0,0.750763,393000.0,-53363000.0,505829000.0,1.213447,3735488000.0,1.860067,2429404000.0,-0.016667,1.4918,nm,110710000.0,,2.5031,1303583000.0,381765000.0,1303583000.0,0.270408,0.4425,32040919120.0,581229000.0,92348000.0,-163522000.0,137859000.0,92348000.0,-163522000.0,137859000.0,71869000.0,789401000.0,-124434000.0,-124434000.0,0.435153,-2.624401,-124434000.0,,26192724.5,789401000.0,1205349000.0,-1.088438,139958000.0,0.006997,,0.018416,48357000.0,,,-98241275.5,0.482757,-0.091299,-2.827774,-1295803000.0,0.3016,-0.247425,1.89622,268187000.0,-0.091011,1076034000.0,0.841775,-0.056082,126054000.0,,1578000.0,-4291000.0,,708784000.0,702918000.0,0.0,,0.0,367245000.0,11.0017,nm,8.5205,nm,-0.115641,-108067000.0,-72702000.0,170690000.0,0.158629,33731000.0,-19940000.0,,-226534000.0,0.364836,0.124272,-0.009005,-0.068268,-0.142529,-0.145203,-0.136198,0.95224,17247000.0,,153859000.0,0.142987,571125000.0,51792000.0,0.118471,-1.8127,1.003168,CRM,8097634000.0,4820795000.0,2912356000.0,268187000.0,1800886000.0,3096689000.0,2912356000.0,2912356000.0,807847000.0,22929000.0,1110000.0,5151547000.0,8097634000.0,5091399000.0,2054858000.0,905778000.0,-97931000.0,-26110000.0,,-124041000.0,1076034000.0,592500000.0,600467000.0,600467000.0
934324000.0,1360837000.0,,-2570000.0,68064000.0,17680000.0,1.2642,3.6454,0.5546,0.0,4778.2242857142855,4926.4457142857145,-0.2,-0.2,5.0844,69849000.0,,781635000.0,,3244000.0,9112000.0,-188.5858,59.31,66.81,,3363987000.0,0.61517,3.2679,0.23884,-1.12345,2473705000.0,,,2014-12-31,1874089000.0,5.809,0.6114,0.379424,182877000.0,114813000.0,-1566551000.0,-727777000.0,-0.2,0.0,,0.0,0.0,288.7106,100.1248,-0.006418,-101771000.0,81106000.0,-0.056468,0.07082,0.103843,-3.683649,-0.088864,0.004412,-4852000.0,0.052977,36753291890.0,-4.0,0.047619,nm,113.9227,nm,10.1576,nm,41.9813,9.0281,4.412,-6.099605,-0.021622,-0.1258,-2582298813.3,3500823000.0,0.76116,-6524000.0,74209000.0,481917000.0,1.21004,3618287000.0,2.19006,2484049000.0,-0.031375,1.7132,nm,72502000.0,-15000000.0,2.7006,1301930000.0,482243000.0,1301930000.0,0.263586,0.4247,36173514890.0,639792000.0,56936000.0,-193437000.0,271238000.0,56936000.0,-193437000.0,271238000.0,129885000.0,553072000.0,-116623000.0,-116623000.0,-4.595039,0.062772,-116623000.0,,18373186.7,553072000.0,1240746000.0,-0.053728,130775000.0,0.005407,,0.014774,48410000.0,,,-98249813.3,-4.899731,-0.08579,-8.7e-05,-1299936000.0,-0.036705,0.967503,3.883205,273530000.0,-0.090589,1145242000.0,0.851748,-0.049281,171461000.0,0.0,5978000.0,1975000.0,,766949000.0,757187000.0,,,0.0,309180000.0,11.905,nm,8.8857,nm,-0.101833,-152237000.0,-69849000.0,173090000.0,0.151138,26705000.0,-6544000.0,,-343157000.0,0.372071,0.064318,0.011731,-0.056472,-0.133245,-0.135243,-0.146974,-0.093246,31219000.0,,162576000.0,0.141958,572159000.0,57139000.0,0.115838,-1.58,0.947023,CRM,9152930000.0,4939304000.0,3038510000.0,273530000.0,2680252000.0,3980188000.0,3038510000.0,3038510000.0,871712000.0,22743000.0,1367000.0,6087715000.0,9152930000.0,5231932000.0,2107527000.0,975458000.0,-103746000.0,-19401000.0,0.0,-123147000.0,1145242000.0,595300000.0,597613000.0,597613000.0
766601000.0,684155000.0,,0.0,71646000.0,15298000.0,1.626,7.4238,0.5813,0.0,4926.4457142857145,5082.072857142857,-0.16,-0.16,5.1132,60098000.0,,827891000.0,,9994000.0,8667000.0,-175.316,66.81,69.63,,3556684000.0,0.659739,3.4343,0.238272,-1.055774,2288324000.0,,,2015-03-31,1605344000.0,4.3783,0.511,0.338166,182454000.0,110808000.0,-1894668000.0,-1015544000.0,-0.16,0.0,,0.0,0.0,224.4823,49.1663,-0.008262,-66188000.0,116266000.0,0.609886,0.094774,0.433507,-0.457436,-0.053953,0.349638,2689000.0,-0.143236,31721643800.0,-0.333333,0.2,nm,86.5147,nm,9.8597,nm,29.7753,7.201,4.6996,-3.511046,0.165159,-0.2317,-2155807841.4,3500823000.0,0.761728,12142000.0,256964000.0,455819000.0,1.280731,3217313000.0,1.860411,2092540000.0,-0.110819,2.029,nm,73795000.0,,2.6815,1300315000.0,650764000.0,1300315000.0,0.273912,0.4139,31636244800.0,639355000.0,-219150000.0,-210370000.0,473087000.0,-219150000.0,-210370000.0,473087000.0,46256000.0,75456000.0,-96911000.0,-96911000.0,-0.431033,0.169023,-96911000.0,,33643158.6,75456000.0,1251000000.0,-0.051377,130580000.0,0.002094,,0.010089,36291000.0,,,-63267841.4,-0.131474,-0.051573,0.356051,-1320573000.0,0.67057,0.744177,7.871926,292305000.0,-0.045111,1226772000.0,0.806839,-0.031365,162494000.0,,9041000.0,-10847000.0,30000000.0,743557000.0,802927000.0,0.0,,0.0,313608000.0,10.1012,nm,7.1817,nm,-0.078997,-266782000.0,-60098000.0,188358000.0,0.15354,9943000.0,-301986000.0,,-440068000.0,0.37433,0.07119,0.012343,-0.045924,-0.091369,-0.0923,-0.104643,-0.053266,86510000.0,,162095000.0,0.132131,305029000.0,51233000.0,0.064254,-1.3465,1.143236,CRM,8641344000.0,4747201000.0,3131914000.0,292305000.0,2039381000.0,3359954000.0,3131914000.0,3131914000.0,934467000.0,20359000.0,1778000.0,5499487000.0,8641344000.0,5350963000.0,2139533000.0,989808000.0,-55341000.0,-29428000.0,,-84769000.0,1226772000.0,605700000.0,612512000.0,612512000.0
891062000.0,834323000.0,,,71249000.0,11163000.0,1.3798,6.6486,0.5614,0.0,5082.072857142857,4680.105,-0.1,-0.1,5.3492,40576000.0,,774725000.0,,14805000.0,8322000.0,-209.6396,69.63,69.43,,3790561000.0,0.673505,3.9096,0.233462,0.124949,2316574000.0,,,2015-06-30,1593839000.0,3.8649,0.482,0.325234,178845000.0,107596000.0,-1747524000.0,-902949000.0,-0.1,0.0,,0.0,0.0,264.5384,54.8988,-0.011922,-37310000.0,141535000.0,0.477185,0.107341,0.217338,0.101721,-0.028296,0.436303,-5664000.0,-0.153278,33401377000.0,-1.833333,0.375,nm,80.996,77.8511,10.8847,nm,29.6091,7.0074,4.0143,1.228075,1.320807,0.1138,691597292.2,3492713000.0,0.766538,8119000.0,-21451000.0,449499000.0,1.4197,3068646000.0,-0.192207,-730156000.0,-0.046208,1.3882,nm,61429000.0,,2.7538,1298737000.0,827183000.0,1298737000.0,0.265017,0.3928,33473118000.0,671958000.0,-6919000.0,-286476000.0,245893000.0,-6919000.0,-286476000.0,245893000.0,-53166000.0,-77919000.0,-61088000.0,-61088000.0,-1.797462,0.369648,-61088000.0,,22529292.2,-238100000.0,1189930000.0,0.064227,149587000.0,0.001261,,0.00757,36330000.0,,,-38558707.8,-1.717383,-0.029243,0.390548,-1198051000.0,0.342335,-0.480237,6.06006,307831000.0,-0.025357,1318551000.0,0.791895,-0.015887,169247000.0,160181000.0,-6815000.0,-3876000.0,-30000000.0,745816000.0,865277000.0,0.0,,0.0,296361000.0,10.1416,nm,7.0224,nm,-0.04633,-303735000.0,-71576000.0,203109000.0,0.15404,6178000.0,-61533000.0,,-501156000.0,0.377661,0.074813,-0.011927,-0.026012,-0.052124,-0.052521,-0.040595,-0.104821,87835000.0,31000000.0,169087000.0,0.128237,295102000.0,69850000.0,0.060218,-1.0399,1.153278,CRM,9009828000.0,4900585000.0,3300568000.0,307831000.0,2304687000.0,3502738000.0,3300568000.0,3300568000.0,1010720000.0,18314000.0,2655000.0,5703082000.0,9009828000.0,5515211000.0,2200344000.0,1044154000.0,-33434000.0,-19535000.0,,-52969000.0,1318551000.0,610900000.0,617016000.0,617016000.0
935942000.0,794590000.0,,,74791000.0,-1251000.0,1.3597,7.256,0.5796,0.0,4680.105,5035.83,-0.06,-0.06,6.0212,-118814000.0,,846325000.0,,6187000.0,4285000.0,-218.1431,69.43,78.4,,4331945000.0,0.710261,8.3628,0.240819,0.070421,2192655000.0,,,2015-09-30,1544438000.0,2.9766,0.4072,0.289387,186745000.0,111954000.0,-1730481000.0,-689442000.0,-0.06,0.0,38071000.0,0.0,0.0,268.4466,50.3035,-0.007783,-6789000.0,179956000.0,1.449181,0.130058,0.271459,0.933586,-0.004907,0.818038,-14538000.0,-0.7815,39888884520.0,0.714286,0.4,nm,76.8775,162.1386,12.2677,nm,35.8478,7.8611,4.3835,1.175933,-0.357003,0.0369,444695170.4,3782569000.0,0.759181,17075000.0,-149264000.0,448088000.0,3.218294,3251525000.0,-0.129558,-483963000.0,0.059596,1.4525,nm,91337000.0,297325000.0,2.5985,1364683000.0,901173000.0,1364683000.0,0.255705,0.3598,40284776520.0,709643000.0,19893000.0,-56266000.0,122511000.0,19893000.0,-56266000.0,122511000.0,71600000.0,-397774000.0,-38924000.0,-38924000.0,0.687192,0.362821,-38924000.0,,-343829.6,-540971000.0,1109816000.0,-0.002768,123954000.0,0.000353,,0.005285,31322000.0,,,-39267829.6,0.600292,-0.02838,-0.018391,-869197000.0,-0.111331,-0.501771,nm,333211000.0,-0.01593,1383655000.0,0.775111,-0.002844,172717000.0,143197000.0,1221000.0,15253000.0,-114935000.0,731862000.0,915810000.0,0.0,,0.0,287612000.0,10.6275,nm,7.9391,nm,-0.028131,-167412000.0,-73426000.0,195460000.0,0.141264,1882000.0,-369990000.0,114935000.0,-540080000.0,0.285884,0.049375,-0.001418,-0.016304,-0.042413,-0.042638,-0.041221,-0.038453,69196000.0,192240000.0,167383000.0,0.120972,179755000.0,79779000.0,0.033681,-0.699,1.7815,CRM,9412663000.0,5336934000.0,3790614000.0,333211000.0,2439155000.0,3308352000.0,3790614000.0,3790614000.0,1050444000.0,17682000.0,2622000.0,5620167000.0,9412663000.0,5863692000.0,2311815000.0,1072486000.0,-22042000.0,193000.0,,-21849000.0,1383655000.0,648700000.0,629548000.0,629548000.0
1103335000.0,1905506000.0,,,79576000.0,-24108000.0,1.2654,3.2903,0.5423,0.0,5035.83,4815.68,-0.11,-0.11,6.369,85354000.0,,908117000.0,,5233000.0,3410000.0,-177.5038,78.4,73.83,,4605136000.0,0.743598,3.8029,0.24638,0.080775,3286768000.0,,,2015-12-31,1370692000.0,2.3011,0.3448,0.256402,197514000.0,117938000.0,-1870988000.0,-875559000.0,-0.11,0.0,,0.0,0.0,288.4367,110.9329,-0.007456,-39599000.0,157915000.0,0.94702,0.109313,-0.12248,0.610901,-0.027412,-4.832818,-20878000.0,-0.229298,34422773600.0,0.45,-0.833333,nm,57.7881,125.6531,10.8768,nm,29.1362,6.4059,4.5412,1.159039,-0.076478,-0.0365,410685750.7,3782660000.0,0.75362,12267000.0,52859000.0,433398000.0,1.350994,3164802000.0,-0.125331,-453485000.0,-0.026671,1.5844,nm,82428000.0,,2.8149,1370692000.0,1185644000.0,1370692000.0,0.256402,0.3448,35233154600.0,736140000.0,-112035000.0,-145248000.0,339953000.0,-112035000.0,-145248000.0,339953000.0,61792000.0,-810381000.0,-65765000.0,-65765000.0,0.436089,-0.689575,-65765000.0,,22965750.7,-810381000.0,1125866000.0,-0.178507,155345000.0,0.0,,0.003793,34681000.0,,,-42799249.3,0.564383,-0.029627,-0.089932,-875559000.0,0.253338,1.774877,3.98286,355923000.0,-0.024101,1444608000.0,0.77772,-0.014865,368583000.0,,-3447000.0,-4783000.0,-11500000.0,623015000.0,894468000.0,,,0.0,245026000.0,8.8633,nm,6.5567,nm,-0.045524,-136336000.0,-85354000.0,205990000.0,0.142592,,-191016000.0,,-605845000.0,0.2614,0.044052,-0.004808,-0.024688,-0.051553,-0.051749,-0.046941,0.131566,87942000.0,,181371000.0,0.12555,,87312000.0,0.0,-0.3859,1.229298,CRM,10665127000.0,5345875000.0,3975183000.0,355923000.0,3514544000.0,4390103000.0,3975183000.0,3975183000.0,1088685000.0,16882000.0,2983000.0,6689944000.0,10665127000.0,6024717000.0,2299841000.0,1123501000.0,-34816000.0,-18682000.0,0.0,-53498000.0,1444608000.0,625400000.0,624148000.0,624148000.0
928105000.0,926381000.0,,-12470000.0,83016000.0,-28352000.0,1.6271,7.0262,0.5954,0.0,4815.68,4782.282222222221,0.01,0.01,6.3753,493611000.0,,941956000.0,,10581000.0,4252000.0,-172.3708,73.83,79.41,,4865308000.0,0.768541,1.5426,0.252654,-0.134514,3032771000.0,,,2016-03-31,1275503000.0,1.7702,0.3012,0.231459,210943000.0,127927000.0,-2375066000.0,-1356051000.0,0.01,0.0,,0.0,0.0,224.3192,51.9484,-0.003342,30187000.0,241130000.0,1.073951,0.159565,0.526961,1.45608,0.019976,1.762317,-3309000.0,0.773585,47728081200.0,1.0625,1.090909,nm,66.2397,nm,13.3013,nm,33.0656,8.4355,3.787,0.831212,-1.886017,-0.0775,-363874358.5,3791583000.0,0.747346,13981000.0,414103000.0,421323000.0,0.598701,3588230000.0,0.115288,370917000.0,0.133793,1.6628,nm,155015000.0,,2.5765,1275503000.0,903461000.0,1275503000.0,0.231459,0.3012,48375054200.0,736938000.0,-161810000.0,-536123000.0,735081000.0,-161810000.0,-536123000.0,735081000.0,33839000.0,-646973000.0,4092000.0,4092000.0,1.042224,1.062222,4092000.0,,2950641.5,-646973000.0,1737094000.0,-0.010326,105943000.0,0.0,,0.001348,24049000.0,,,7042641.5,1.111315,0.00466,1.164551,-1356051000.0,0.553797,1.162302,1.489191,381802000.0,0.020583,1511167000.0,0.726763,0.011893,348446000.0,,,-918000.0,115015000.0,907396000.0,870051000.0,-36617000.0,,0.0,310983000.0,11.4221,nm,8.5499,2169.5768,0.002708,-351687000.0,-496463000.0,222128000.0,0.146991,,-316825000.0,,-601753000.0,0.231824,0.046074,-0.0014,0.001612,0.00634,0.006349,0.007749,0.018075,206630000.0,2852000.0,175811000.0,0.116341,,77059000.0,0.0,0.0336,0.226415,CRM,10365682000.0,5510706000.0,4235203000.0,381802000.0,2604825000.0,3960876000.0,4235203000.0,4235203000.0,1129365000.0,16675000.0,4561000.0,6130479000.0,10365682000.0,6023763000.0,2169603000.0,1098260000.0,31105000.0,-13032000.0,,18073000.0,1511167000.0,409200000.0,653809000.0,664310000.0
1098054000.0,1067799000.0,,-18451000.0,83970000.0,-28144000.0,1.4844,6.2815,0.6033,0.0,4782.282222222221,5293.855555555556,0.0,0.0,6.879,61451000.0,,1089351000.0,,5621000.0,24419000.0,-187.784,79.41,71.33,,5166552000.0,0.779694,0.807,0.247989,-0.068086,3014940000.0,,,2016-06-30,1281612000.0,1.5698,0.2826,0.220306,215645000.0,131675000.0,-2366676000.0,-1196207000.0,0.0,0.0,,0.0,0.0,245.8909,58.1069,-0.002099,21771000.0,237416000.0,0.677437,0.145237,-0.015402,1.583516,0.013318,-0.278796,3169000.0,1.122449,47068290800.0,1.0,-1.0,8450.3215,57.6523,nm,14.3827,nm,31.3408,7.8787,4.0987,-1.298364,0.432916,-0.1914,-206347428.6,3804288000.0,0.752011,7810000.0,-58294000.0,414035000.0,0.319599,3272566000.0,0.066453,203920000.0,-0.087972,1.8842,nm,114799000.0,,2.5252,1281612000.0,1374380000.0,1281612000.0,0.220306,0.2826,48331527800.0,793691000.0,73725000.0,-233777000.0,304278000.0,73725000.0,-233777000.0,304278000.0,147395000.0,-1263237000.0,-852000.0,-852000.0,0.986053,-1.208211,-852000.0,,-1575428.6,-1263237000.0,1725184000.0,0.002099,147779000.0,0.0,,0.000788,20051000.0,,,-2427428.6,0.937046,-0.001485,-1.344676,-1196207000.0,0.237441,-0.586062,4.951555,405384000.0,0.012127,1634684000.0,0.739884,0.008035,348228000.0,,,1947000.0,,559303000.0,843517000.0,0.0,,0.0,330291000.0,10.6556,nm,8.0902,152.2349,-0.000521,-286630000.0,-64883000.0,234100000.0,0.143208,,-41074000.0,,-602605000.0,0.239758,0.081736,0.000937,-0.000314,-0.001859,-0.001861,-0.002798,-0.004897,132755000.0,3432000.0,181685000.0,0.111144,,81118000.0,0.0,0.4815,-0.122449,CRM,10793977000.0,5817415000.0,4535803000.0,405384000.0,2916787000.0,4112994000.0,4535803000.0,4535803000.0,1229300000.0,18096000.0,3283000.0,6258174000.0,10793977000.0,6152006000.0,2145180000.0,1209476000.0,19824000.0,-12866000.0,,6958000.0,1634684000.0,,659366000.0,659366000.0
1149693000.0,1060726000.0,,-27759000.0,86072000.0,-33325000.0,1.5025,6.7939,0.6202,0.0,5293.855555555556,5446.107142857143,-0.04,-0.04,7.1521,-47025000.0,,1223318000.0,,8248000.0,4085000.0,-189.2103,71.33,68.46,,5411041000.0,0.786714,1.7759,0.247483,-0.10412,2827285000.0,,,2016-09-30,1287761000.0,1.4075,0.2711,0.213286,220308000.0,134236000.0,-2396210000.0,-1038205000.0,-0.04,0.0,,0.0,0.0,242.9349,53.7246,-0.001699,58133000.0,278441000.0,0.547273,0.162644,0.172798,9.562822,0.033957,1.670203,-2872000.0,1.579775,50099266010.0,0.333333,nm,710.7085,54.7592,nm,15.4646,nm,32.4935,7.9492,4.4197,-1.029811,0.935754,-0.2401,-13256930.3,3849054000.0,0.752517,68548000.0,-162248000.0,397013000.0,0.746409,3239600000.0,-0.003668,-11925000.0,-0.010073,1.9419,nm,98016000.0,,2.3793,1287761000.0,1440110000.0,1287761000.0,0.213286,0.2711,51609620010.0,818820000.0,87071000.0,-112746000.0,162514000.0,87071000.0,-112746000.0,162514000.0,133967000.0,-1510354000.0,-25157000.0,-25157000.0,0.353689,-28.526995,-25157000.0,,-24930.3,-1510354000.0,1742142000.0,2.4e-05,129611000.0,0.0,,0.00022,19225000.0,,,-25181930.3,0.358713,-0.014709,-9.373912,-1038205000.0,0.326526,-0.465903,nm,423683000.0,0.025371,1711967000.0,0.727146,0.021059,208133000.0,,,14699000.0,,544874000.0,878048000.0,0.0,,0.0,311909000.0,10.8653,nm,8.1888,102.423,-0.014695,-230331000.0,-80041000.0,239212000.0,0.139729,,-10945000.0,,-627762000.0,0.237279,0.047277,0.006865,-0.009113,-0.021694,-0.021699,-0.028563,-0.028588,98319000.0,127066000.0,186818000.0,0.109125,,134687000.0,0.0,0.7587,-0.579775,CRM,10911966000.0,6037715000.0,4749954000.0,423683000.0,2938773000.0,3976978000.0,4749954000.0,4749954000.0,1288284000.0,18249000.0,3507000.0,6162012000.0,10911966000.0,6231051000.0,2185034000.0,1244850000.0,43434000.0,-43000.0,,43391000.0,1711967000.0,628900000.0,664131000.0,664131000.0
1349338000.0,2496165000.0,,,93483000.0,-49917000.0,1.3492,3.0294,0.5692,0.0,5446.107142857143,5855.671111111111,-0.04,-0.04,7.5612,68465000.0,,1158363000.0,,7012000.0,5198000.0,-150.049,68.46,82.49,0.0,5706057000.0,0.7955,-0.954,0.245208,0.011967,4267667000.0,,,2016-12-31,1286095000.0,1.2942,0.2571,0.2045,225395000.0,131912000.0,-2611059000.0,114318000.0,-0.04,0.0,,0.0,0.0,270.5348,120.4858,-0.001053,11332000.0,236727000.0,0.499079,0.130832,-0.149813,1.286169,0.006263,-0.805068,-4097000.0,-5.157133,43071691820.0,0.636364,0.0,354.7243,43.3442,1159.5835,14.155,nm,25.7593,6.4602,4.6924,-0.39485,19.746922,-0.3086,248526644.5,3849937000.0,0.754792,21366000.0,118436000.0,613071000.0,-0.365602,3042866000.0,-0.038529,-121936000.0,-0.060728,2.1481,nm,87652000.0,,2.6095,1286095000.0,520721000.0,1286095000.0,0.2045,0.2571,45031694820.0,890375000.0,74166000.0,-605232000.0,470208000.0,74166000.0,-605232000.0,470208000.0,-64955000.0,-1960003000.0,-25509000.0,-25509000.0,0.612119,-0.013992,-25509000.0,,152099644.5,-1960003000.0,1715828000.0,-0.109804,151886000.0,0.0,,0.0,23886000.0,,,126590644.5,3.957777,0.069963,6.027043,114318000.0,0.383156,1.893338,6.867859,443679000.0,0.011363,1809398000.0,0.743429,0.003565,259187000.0,,,-9228000.0,,332040000.0,833065000.0,,,0.0,250594000.0,9.0012,nm,6.7542,83.4135,-0.014098,-656838000.0,-68465000.0,250860000.0,0.138643,,-13486000.0,,-653271000.0,0.252518,0.056912,-0.080256,-0.008024,0.070028,0.070028,0.150284,0.260088,120071000.0,,203924000.0,0.112703,,1567014000.0,0.0,0.8159,6.157133,CRM,12762920000.0,6288964000.0,5002869000.0,443679000.0,5731323000.0,5617005000.0,5002869000.0,5002869000.0,1365719000.0,19465000.0,3990000.0,7760051000.0,12762920000.0,5315769000.0,2143046000.0,1345159000.0,20560000.0,-24703000.0,0.0,-4143000.0,1809398000.0,677500000.0,661647000.0,661647000.0
1093197000.0,1192965000.0,,-1799000.0,95699000.0,-28577000.0,1.7511,6.6744,0.6102,0.0,5855.671111111111,6204.096666666666,0.06,0.06,8.1309,83301000.0,,1799083000.0,,7909000.0,23750000.0,-153.7564,82.49,86.6,,6218624000.0,0.811969,2.2975,0.259303,0.297365,3991906000.0,,,2017-03-31,1293170000.0,1.2688,0.2316,0.188031,228471000.0,132772000.0,-3341623000.0,-1310431000.0,0.06,0.0,,0.0,0.0,208.4432,54.6868,-0.000245,38180000.0,266651000.0,0.105839,0.139127,0.126407,0.264783,0.019921,2.36922,763000.0,-0.043171,49116332200.0,5.0,2.5,379.5229,48.1894,53.0292,18.596,nm,24.7056,6.9445,4.1018,3.751577,3.028656,-0.3656,1001228261.7,4129656000.0,0.740697,-1604000.0,607777000.0,407030000.0,0.973153,2641232000.0,-0.263918,-946998000.0,-0.131992,2.2707,nm,89141000.0,,2.3609,1293170000.0,2205010000.0,1293170000.0,0.188031,0.2316,52059364200.0,895860000.0,39173000.0,-450278000.0,1051062000.0,39173000.0,-450278000.0,1051062000.0,640720000.0,-2943032000.0,38759000.0,38759000.0,8.471896,2.519425,38759000.0,,15471261.7,-2943032000.0,1711472000.0,-0.008619,176055000.0,0.0,,0.0,15008000.0,,,54230261.7,6.700273,0.028295,-0.571609,-1310431000.0,0.429859,1.235313,12.61764,496981000.0,0.027124,1916603000.0,0.713573,0.012155,243890000.0,,,-13806000.0,,589430000.0,839725000.0,,,0.0,306625000.0,9.3225,nm,7.3607,49.695,0.020223,-611397000.0,-83301000.0,260970000.0,0.136163,,-49968000.0,,-605783000.0,0.268293,0.059249,-0.026641,0.012339,0.037609,0.037609,0.06425,0.072869,246219000.0,,210806000.0,0.109989,,232109000.0,0.0,1.5253,1.043171,CRM,12817270000.0,6877434000.0,5584264000.0,496981000.0,3774672000.0,5085103000.0,5584264000.0,5584264000.0,1419622000.0,22011000.0,20986000.0,7233006000.0,12817270000.0,7331126000.0,2147903000.0,1367636000.0,51986000.0,-14831000.0,,37155000.0,1916603000.0,646000000.0,677514000.0,686799000.0
1567896000.0,1323114000.0,,-2798194000.0,95651000.0,-11215000.0,1.4178,6.2525,0.5938,0.0,6204.096666666666,6432.38375,0.34,0.34,8.8116,96030000.0,,1115226000.0,,6322000.0,6285000.0,-199.0603,86.6,93.42,,6519952000.0,0.773387,1.7325,0.258065,-0.46286,3808200000.0,,,2017-06-30,1796929000.0,1.6954,0.293,0.226613,245012000.0,149361000.0,-3272380000.0,-2098097000.0,0.33,0.0,,0.0,0.0,257.437,58.3767,0.003824,33075000.0,278087000.0,0.171307,0.136544,0.042888,0.519223,0.01624,-0.133709,-8736000.0,-8.45608,56458907400.0,nm,4.5,401.2145,53.2678,nm,9.9728,175.7908,29.1858,7.5534,4.3288,-9.084594,-3.078377,-0.1626,-2080930127.4,6029895000.0,0.741935,-205339000.0,-406266000.0,626214000.0,0.73418,5661301000.0,0.729927,2388735000.0,1.143432,1.6733,nm,133878000.0,495550000.0,2.3598,1796929000.0,1093921000.0,1796929000.0,0.226613,0.293,56930182400.0,934931000.0,616633000.0,-1542432000.0,250678000.0,616633000.0,-1542432000.0,250678000.0,-683857000.0,-471275000.0,229622000.0,229622000.0,270.50939,4.924353,229622000.0,,78182872.6,-471275000.0,1728243000.0,-0.09015,182310000.0,0.0,,0.0,15361000.0,,,307804872.6,127.802853,0.151135,4.675888,-2098097000.0,-0.176155,-0.7615,2.610413,525579000.0,0.015983,2036618000.0,0.725953,0.009643,236750000.0,,,524000.0,,1625042000.0,1060352000.0,,,0.0,543852000.0,9.2832,261.4895,7.6165,nm,0.112747,-286185000.0,-96030000.0,291506000.0,0.143132,,-12795000.0,,-376161000.0,0.245879,0.062619,-0.055774,0.066949,0.197123,0.197123,0.252897,0.343047,1637977000.0,,252051000.0,0.12376,,59057000.0,0.0,-0.7522,9.45608,CRM,14381314000.0,7929505000.0,6132576000.0,525579000.0,3277999000.0,5376096000.0,6132576000.0,6132576000.0,1511039000.0,20708000.0,11916000.0,8248738000.0,14381314000.0,9375072000.0,2872642000.0,1478488000.0,32551000.0,-8268000.0,,24283000.0,2036618000.0,675400000.0,681126000.0,695968000.0
1496841000.0,1281425000.0,,-32117000.0,100511000.0,-62943000.0,1.5505,6.7522,0.6251,0.0,6432.38375,6942.41,-0.05,-0.05,9.8571,140653000.0,,1145736000.0,,11220000.0,11365000.0,-181.3478,93.42,102.23,,7282450000.0,0.790443,-5.7191,0.272999,-0.537894,3478693000.0,,,2017-09-30,1804371000.0,1.7085,0.2651,0.209557,269857000.0,169346000.0,-3174787000.0,-1973980000.0,-0.05,0.0,,0.0,0.0,235.4039,54.0561,0.003961,4818000.0,274675000.0,-0.013525,0.128067,-0.01227,-0.917121,0.002246,-0.854331,-11867000.0,-1.964325,51392847880.0,-0.25,-1.151515,587.9852,48.661,nm,8.1533,103.37,26.6801,6.4993,4.52,-229.423653,-0.467954,-0.1742,-3054710308.0,6616999000.0,0.727001,24723000.0,-282154000.0,637877000.0,-2.612287,6303310000.0,0.945706,3063710000.0,0.113403,1.6572,nm,92846000.0,,2.1893,1804371000.0,1106291000.0,1804371000.0,0.209557,0.2651,51895574880.0,997993000.0,81849000.0,-193784000.0,154312000.0,81849000.0,-193784000.0,154312000.0,30510000.0,-502727000.0,-37309000.0,-37309000.0,-0.483046,-1.16248,-37309000.0,,46308692.0,-502727000.0,1756673000.0,-0.046008,203918000.0,0.0,,0.0,16440000.0,,,8999692.0,1.357387,0.004196,-0.970762,-1973980000.0,-0.050469,-0.384421,1.097111,585522000.0,0.001416,2144775000.0,0.725585,0.001404,237729000.0,,,1782000.0,,1268275000.0,785287000.0,,,0.0,281593000.0,7.6249,252.4558,6.5629,nm,-0.017395,-155114000.0,-140653000.0,311459000.0,0.145218,,-10997000.0,,-413470000.0,0.252813,0.053106,-0.009226,-0.010874,-0.002272,-0.002272,0.006954,0.052962,134100000.0,,246765000.0,0.115054,,55071000.0,0.0,-0.6501,2.964325,CRM,14387669000.0,8610408000.0,6806037000.0,585522000.0,3001554000.0,4975534000.0,6806037000.0,6806037000.0,1559253000.0,21946000.0,4542000.0,7581632000.0,14387669000.0,9629442000.0,2606098000.0,1556217000.0,3036000.0,-15622000.0,,-12586000.0,2144775000.0,746200000.0,690468000.0,690468000.0
1752664000.0,3196643000.0,,-360629000.0,110221000.0,-75841000.0,1.4404,2.9483,0.5531,0.0,6942.41,7106.665714285715,-0.09,-0.09,10.7111,143974000.0,,1606549000.0,,10937000.0,13599000.0,-129.6033,102.23,116.3,0.0,8040878000.0,0.78878,20.5427,0.272868,-0.661917,5542802000.0,,,2017-12-31,2008391000.0,1.8132,0.2678,0.21122,290987000.0,180766000.0,-3507526000.0,-1298639000.0,-0.08,0.0,,0.0,0.0,253.4044,123.8012,0.003243,-2773000.0,288214000.0,0.217495,0.125639,0.049291,-1.244705,-0.001209,-1.57555,-7529000.0,-1.191828,54619715700.0,-1.0,-0.6,745.153,49.3124,nm,8.1126,120.1667,25.2612,6.5086,4.7908,-16.052749,-0.224669,-0.2181,-3741009213.4,7263846000.0,0.727132,27971000.0,222212000.0,1255074000.0,8.463397,6732707000.0,1.21262,3689841000.0,0.068122,1.7169,nm,85616000.0,748824000.0,2.4272,2008391000.0,566953000.0,2008391000.0,0.21122,0.2678,55387164700.0,1089243000.0,260043000.0,-497847000.0,706146000.0,260043000.0,-497847000.0,706146000.0,460813000.0,-767449000.0,-51440000.0,-51440000.0,-1.016543,-0.378756,-51440000.0,,271786.6,-767420000.0,1787534000.0,-0.000199,244387000.0,0.0,,0.0,,,,-51168213.4,-1.404202,-0.022305,-6.685552,-1298639000.0,0.501774,3.576093,4.904677,625957000.0,-0.010177,2293988000.0,0.737308,-0.000669,311770000.0,,,20572000.0,,714718000.0,780939000.0,,,0.0,279527000.0,7.3848,308.3368,6.6,nm,-0.022424,-128045000.0,-143974000.0,344192000.0,0.150041,0.0,-574397000.0,,-464910000.0,0.267818,0.06957,0.008311,-0.012402,-0.029986,-0.029986,-0.038297,-0.038097,134801000.0,,257941000.0,0.112442,0.0,602338000.0,0.0,-1.455,2.191828,CRM,17584923000.0,9508518000.0,7500127000.0,625957000.0,5996827000.0,7295466000.0,7500127000.0,7500127000.0,1668031000.0,24323000.0,3627000.0,10084796000.0,17584923000.0,9800591000.0,2789330000.0,1691376000.0,-23345000.0,-124000.0,0.0,-23469000.0,2293988000.0,690900000.0,687797000.0,700217000.0
