accountspayable,accountsreceivable,acquisitions,aoci,apturnover,arturnover,assetturnover,augmentedpayoutratio,baseline_price,baseline_price_next_quarter,basicdilutedeps,basiceps,bookvaluepershare,capex,cashandequivalents,cashdividendspershare,ccc,close_price,close_price_next_quarter,commitmentsandcontingencies,commonequity,commontocap,compoundleveragefactor,costofrevtorevenue,croic,currentdeferredrevenue,currentdeferredtaxassets,currentdeferredtaxliabilities,currentemployeebenefitliabilities,customerdeposits,date,debt,debttoebitda,debttoequity,debttototalcapital,depreciationandamortization,depreciationexpense,dfcfnwc,dfnwc,dilutedeps,dio,dividendyield,divpayoutratio,dpo,dso,earningsyield,ebit,ebitda,ebitdagrowth,ebitdamargin,ebitdaqoqgrowth,ebitgrowth,ebitmargin,ebitqoqgrowth,effectofexchangeratechanges,efftaxrate,enterprisevalue,epsgrowth,epsqoqgrowth,evtoebit,evtoebitda,evtofcff,evtoinvestedcapital,evtonopat,evtoocf,evtorevenue,faturnover,fcffgrowth,fcffqoqgrowth,finleverage,freecashflow,goodwill,grossmargin,impairmentexpense,incometaxexpense,increasedecreaseinoperatingcapital,intangibleassets,interestburdenpct,investedcapital,investedcapitalgrowth,investedcapitalincreasedecrease,investedcapitalqoqgrowth,investedcapitalturnover,invturnover,issuanceofcommonequity,issuanceofdebt,leverageratio,longtermdebt,longterminvestments,ltdebtandcapleases,ltdebttocap,ltdebttoequity,marketcap,marketingexpense,netcashfromcontinuingfinancingactivities,netcashfromcontinuinginvestingactivities,netcashfromcontinuingoperatingactivities,netcashfromfinancingactivities,netcashfrominvestingactivities,netcashfromoperatingactivities,netchangeincash,netdebt,netincome,netincomecontinuing,netincomegrowth,netincomeqoqgrowth,netincometocommon,netinventory,netnonopex,netnonopobligations,netppe,nnep,noncashadjustmentstonetincome,noncontrolinttocap,noncontrollinginterestsharingratio,noncurrentdeferredrevenue,noncurrentdeferredtaxassets,noncurrentdeferredtaxliabilities,nopat,nopatgrowth,nopatmargin,nopatqoqgrowth,nwc,ocfgrowth,ocfqoqgrowth,ocftocapex,operatingcostofrevenue,operatingmargin,operatingrevenue,opextorevenue,oroa,othercurrentassets,othercurrentliabilities,otherfinancingactivitiesnet,otherincome,othernoncurrentassets,othernoncurrentliabilities,paymentofdividends,preferredtocap,pricetobook,pricetoearnings,pricetorevenue,pricetotangiblebook,profitmargin,purchaseofinvestments,purchaseofplantpropertyandequipment,rdexpense,rdextorevenue,repaymentofdebt,repurchaseofcommonequity,restructuringcharge,retainedearnings,revenuegrowth,revenueqoqgrowth,rnnoa,roa,roce,roe,roic,roicnnepspread,saleofinvestments,sgaexpense,sgaextorevenue,shorttermdebt,shortterminvestments,stdebttocap,tangbookvaluepershare,taxburdenpct,ticker,totalassets,totalcapital,totalcommonequity,totalcostofrevenue,totalcurrentassets,totalcurrentliabilities,totalequity,totalequityandnoncontrollinginterests,totalgrossprofit,totalliabilities,totalliabilitiesandequity,totalnoncurrentassets,totalnoncurrentliabilities,totaloperatingexpenses,totaloperatingincome,totalotherincome,totalpretaxincome,totalrevenue,weightedavebasicdilutedsharesos,weightedavebasicsharesos,weightedavedilutedsharesos
,,-377000000.0,,nm,nm,nm,nm,1537.69,1810.0442857142855,0.48,0.48,nm,778000000.0,,0.13,nm,14.6219684645369,19.0413105622184,,,nm,nm,0.189098,nm,,,,,,2009-03-31,nm,nm,nm,nm,585000000.0,585000000.0,nm,nm,0.48,nm,0.020187,nm,nm,nm,nm,5991000000.0,6576000000.0,nm,0.436624,nm,nm,0.397782,nm,-56000000.0,0.270072,nm,nm,nm,nm,nm,nm,nm,nm,nm,nm,nm,nm,nm,nm,nm,,0.810902,,1618000000.0,4021000000.0,,1.0,nm,nm,nm,nm,nm,nm,228000000.0,1975000000.0,nm,,,nm,nm,nm,245094270000.0,3044000000.0,-5244000000.0,595000000.0,3370000000.0,-5244000000.0,595000000.0,3370000000.0,-1335000000.0,nm,4373000000.0,4373000000.0,nm,nm,4373000000.0,,5839425.8,nm,,nm,-5609000000.0,nm,nm,,,,4378839425.8,nm,0.29074,nm,nm,nm,nm,4.33162,2848000000.0,0.398314,15061000000.0,0.412589,nm,,,44000000.0,-8000000.0,,,-998000000.0,nm,nm,nm,nm,nm,0.290353,-5789000000.0,-778000000.0,2283000000.0,0.151584,0.0,-6493000000.0,0.0,,nm,nm,nm,nm,nm,nm,nm,nm,7539000000.0,887000000.0,0.058894,,,nm,nm,0.729928,MSFT,,nm,,2848000000.0,,,,,12213000000.0,,,,,6214000000.0,5999000000.0,-8000000.0,5991000000.0,15061000000.0,9110400000.0,9084000000.0,9183000000.0
,,-450000000.0,,nm,nm,nm,nm,1810.0442857142855,2123.9362499999997,0.47,0.47,nm,842000000.0,,0.13,nm,19.0413105622184,20.7169764395087,,,nm,nm,0.234951,nm,,,,,,2009-06-30,nm,nm,nm,nm,632000000.0,632000000.0,nm,nm,0.47,nm,0.02878,nm,nm,nm,nm,5638000000.0,6270000000.0,nm,0.377052,-0.046533,nm,0.339046,-0.058922,-83000000.0,0.259667,nm,nm,-0.020833,nm,nm,nm,nm,nm,nm,nm,nm,nm,nm,nm,nm,,0.765049,,1464000000.0,6786000000.0,,1.0,nm,nm,nm,nm,nm,nm,96000000.0,21000000.0,nm,,,nm,nm,nm,173288160000.0,3662000000.0,-3858000000.0,-2499000000.0,5782000000.0,-3858000000.0,-2499000000.0,5782000000.0,-658000000.0,nm,4174000000.0,4174000000.0,nm,-0.045507,4174000000.0,,222840368.9,nm,,nm,-5810000000.0,nm,nm,,,,4396840368.9,nm,0.264408,0.004111,nm,nm,0.715727,6.866983,3907000000.0,0.357147,16629000000.0,0.407902,nm,,,2000000.0,-301000000.0,,,-1157000000.0,nm,nm,nm,nm,nm,0.251007,-7197000000.0,-842000000.0,2290000000.0,0.137711,,-2820000000.0,0.0,,nm,0.10411,nm,nm,nm,nm,nm,nm,5990000000.0,831000000.0,0.049973,,,nm,nm,0.740333,MSFT,,nm,,3907000000.0,,,,,12722000000.0,,,,,6783000000.0,5939000000.0,-301000000.0,5638000000.0,16629000000.0,8880900000.0,8903000000.0,8914000000.0
,,,,nm,nm,nm,nm,2123.9362499999997,2273.19625,0.33,0.33,nm,632000000.0,,0.13,nm,20.7169764395087,24.6574549037463,,,nm,nm,0.206184,nm,,,,,,2009-09-30,nm,nm,nm,nm,664000000.0,664000000.0,nm,nm,0.33,nm,0.038798,nm,nm,nm,nm,4050000000.0,4714000000.0,nm,0.345399,-0.248166,nm,0.296747,-0.28166,-36000000.0,0.264938,nm,nm,-0.297872,nm,nm,nm,nm,nm,nm,nm,nm,nm,nm,nm,nm,,0.793816,,1073000000.0,8136000000.0,,1.0,nm,nm,nm,nm,nm,nm,112000000.0,-1000000.0,nm,,,nm,nm,nm,163566480000.0,2981000000.0,-1060000000.0,-6009000000.0,6044000000.0,-1060000000.0,-6009000000.0,6044000000.0,-1061000000.0,nm,2977000000.0,2977000000.0,nm,-0.286775,2977000000.0,,285203950.6,nm,,nm,-5733000000.0,nm,nm,,,,3262203950.6,nm,0.239024,-0.258057,nm,nm,0.045313,9.563291,2814000000.0,0.325176,13648000000.0,0.46864,nm,,,2000000.0,-388000000.0,,,-1155000000.0,nm,nm,nm,nm,nm,0.218127,-9619000000.0,-632000000.0,2212000000.0,0.162075,,-18000000.0,290000000.0,,nm,-0.179265,nm,nm,nm,nm,nm,nm,4242000000.0,913000000.0,0.066896,,,nm,nm,0.735062,MSFT,,nm,,2814000000.0,,,,,10834000000.0,,,,,6396000000.0,4438000000.0,-388000000.0,4050000000.0,13648000000.0,9021200000.0,8891000000.0,8904000000.0
3324000000.0,11192000000.0,-41000000.0,,3.6567,5.2213,0.7503,0.948658,2273.19625,2401.8687499999996,0.35,0.35,4.3973,867000000.0,6076000000.0,0.13,-8.3794,24.6574549037463,23.8014002819717,,62382000000.0,0.841875,1.969,0.19742,nm,13003000000.0,2213000000.0,725000000.0,3156000000.0,,2009-12-31,7430000000.0,0.3319,0.1878,0.158125,681000000.0,681000000.0,-5517000000.0,25930000000.0,0.34,21.5306,0.02525,0.306679,99.8157,69.9057,0.068132,4142000000.0,4823000000.0,nm,0.368196,0.023123,nm,0.316207,0.022716,108000000.0,0.264848,1.8488492e+11,nm,0.030303,9.3277,8.2601,nm,17.4288,12.3525,9.7119,3.1638,7.7554,nm,nm,-0.7318,nm,12503000000.0,0.80258,,1097000000.0,-19376000000.0,1759000000.0,1.0,10608000000.0,nm,nm,nm,5.5088,16.9526,143000000.0,3979000000.0,1.969,3746000000.0,4933000000.0,3746000000.0,0.079722,0.0947,213834920000.0,3192000000.0,2699000000.0,-7857000000.0,3841000000.0,2699000000.0,-7857000000.0,3841000000.0,-1209000000.0,-28950000000.0,3045000000.0,3045000000.0,nm,0.022842,3045000000.0,717000000.0,-113948575.6,-28950000000.0,7535000000.0,0.003936,19491000000.0,0.0,0.0,1281000000.0,279000000.0,0.0,2931051424.4,nm,0.223761,-0.101512,22246000000.0,nm,-0.364494,4.430219,2586000000.0,0.304374,13099000000.0,0.498206,0.237241,3711000000.0,3142000000.0,4000000.0,155000000.0,1599000000.0,6269000000.0,-1158000000.0,0.0,5.4056,14.6774,3.6592,8.4533,0.23246,-15175000000.0,-867000000.0,2225000000.0,0.16986,-247000000.0,-22000000.0,-290000000.0,-22824000000.0,nm,-0.040226,-0.899218,0.174408,0.333432,0.333432,1.23265,1.228714,8226000000.0,1399000000.0,0.106802,3684000000.0,25371000000.0,0.078403,2.8119,0.735152,MSFT,77888000000.0,46988000000.0,39558000000.0,2586000000.0,49280000000.0,27034000000.0,39558000000.0,39558000000.0,10513000000.0,38330000000.0,77888000000.0,21073000000.0,11296000000.0,6526000000.0,3987000000.0,155000000.0,4142000000.0,13099000000.0,8938000000.0,8945000000.0,8996000000.0
3287000000.0,8587000000.0,-39000000.0,,3.6961,6.556,0.6898,0.655556,2401.8687499999996,2213.88625,0.4,0.4,4.5878,435000000.0,8823000000.0,0.13,-8.5287,23.8014002819717,18.7848006216337,,62293000000.0,0.812187,1.9803,0.219969,nm,13567000000.0,2441000000.0,847000000.0,2224000000.0,,2010-03-31,9530000000.0,0.4491,0.2312,0.187813,646000000.0,646000000.0,-7474000000.0,29254000000.0,0.4,34.5502,0.029238,0.33602,98.7534,55.6746,0.059599,4765000000.0,5411000000.0,-0.177159,0.418808,0.121916,-0.20464,0.368808,0.15041,29000000.0,0.249948,1.9783876e+11,-0.166667,0.176471,10.6394,9.3241,nm,24.7051,14.176,9.086,3.5143,7.4941,nm,nm,-0.8057,nm,12582000000.0,0.780031,,1191000000.0,1519000000.0,1653000000.0,1.0,8008000000.0,nm,nm,-0.245098,7.03,10.5643,248000000.0,1073000000.0,1.9803,3746000000.0,6006000000.0,3746000000.0,0.073824,0.0909,231042760000.0,2790000000.0,-2190000000.0,-1199000000.0,6107000000.0,-2190000000.0,-1199000000.0,6107000000.0,2747000000.0,-33204000000.0,3574000000.0,3574000000.0,-0.182712,0.173727,3574000000.0,1150000000.0,-212264847.8,-33204000000.0,7512000000.0,0.006393,368000000.0,0.0,0.0,1201000000.0,0.0,155000000.0,3361735152.2,-0.232277,0.260196,0.146938,23470000000.0,0.812166,0.589951,14.03908,2842000000.0,0.346904,12920000000.0,0.433127,0.254404,3325000000.0,3052000000.0,9000000.0,283000000.0,1628000000.0,6537000000.0,-1157000000.0,0.0,5.6062,16.7787,4.1041,8.5644,0.276625,-10490000000.0,-435000000.0,2065000000.0,0.15983,-823000000.0,-1540000000.0,,-21081000000.0,-0.142155,-0.013665,-1.46859,0.190816,0.360581,0.360581,1.829172,1.822779,9765000000.0,741000000.0,0.057353,5784000000.0,27905000000.0,0.113988,3.0031,0.750052,MSFT,81612000000.0,50742000000.0,41212000000.0,2842000000.0,52231000000.0,28761000000.0,41212000000.0,41212000000.0,10078000000.0,40400000000.0,81612000000.0,21869000000.0,11639000000.0,5596000000.0,4482000000.0,283000000.0,4765000000.0,12920000000.0,8935000000.0,8914000000.0,8983000000.0
3171000000.0,11196000000.0,-63000000.0,,3.7433,5.242,0.7149,0.619326,2213.88625,2360.2855555555557,0.75,0.75,4.9473,376000000.0,9422000000.0,0.13,-9.7655,18.7848006216337,20.0982203079221,,62566000000.0,0.832559,1.8539,0.190727,nm,11361000000.0,2056000000.0,721000000.0,2417000000.0,,2010-06-30,8906000000.0,0.3643,0.2011,0.167441,615000000.0,615000000.0,-4167000000.0,31932000000.0,0.74,18.1116,0.025343,0.284291,97.5076,69.6304,0.059591,8883000000.0,9498000000.0,0.514833,0.499317,0.755313,0.575559,0.466986,0.864218,-1000000.0,0.250028,2.3865748e+11,0.574468,0.85,10.9275,9.7626,nm,23.5967,14.9672,11.3858,4.0665,7.9288,nm,nm,-0.7716,nm,12368000000.0,0.809273,,2221000000.0,-2590000000.0,1346000000.0,1.0,10114000000.0,nm,nm,0.262987,5.8027,20.1528,729000000.0,668000000.0,1.8539,3746000000.0,6976000000.0,3746000000.0,0.070428,0.0846,272826480000.0,3619000000.0,-4277000000.0,-92000000.0,4969000000.0,-4277000000.0,-92000000.0,4969000000.0,599000000.0,-34169000000.0,6662000000.0,6662000000.0,0.596071,0.864018,6662000000.0,589000000.0,-277489586.9,-34169000000.0,7402000000.0,0.008121,282000000.0,0.0,0.0,1167000000.0,0.0,377000000.0,6384510413.1,0.452068,0.335638,0.899171,26772000000.0,-0.140609,-0.186344,13.215426,3628000000.0,0.447534,19022000000.0,0.361739,0.33384,2547000000.0,2885000000.0,15000000.0,370000000.0,1517000000.0,6808000000.0,-1152000000.0,0.0,6.161,16.7811,4.6487,8.9249,0.350226,-4287000000.0,-376000000.0,2079000000.0,0.109295,-670000000.0,-3867000000.0,,-18283000000.0,0.143905,0.472291,-1.496531,0.250371,0.451093,0.451093,1.947624,1.939503,4634000000.0,1183000000.0,0.062191,5160000000.0,26677000000.0,0.097013,3.4151,0.749972,MSFT,82096000000.0,53189000000.0,44283000000.0,3628000000.0,52487000000.0,25715000000.0,44283000000.0,44283000000.0,15394000000.0,37813000000.0,82096000000.0,22207000000.0,12098000000.0,6881000000.0,8513000000.0,370000000.0,8883000000.0,19022000000.0,8882700000.0,8856000000.0,8951000000.0
3279000000.0,9137000000.0,-143000000.0,,3.602,6.5168,0.7013,0.697518,2360.2855555555557,2664.7025,0.46,0.46,5.1498,408000000.0,8155000000.0,0.13,-29.8405,20.0982203079221,23.0469043240461,,62517000000.0,0.838731,1.8576,0.189961,nm,11171000000.0,2222000000.0,901000000.0,2885000000.0,,2010-09-30,8789000000.0,0.3411,0.1923,0.161269,694000000.0,694000000.0,-6529000000.0,33137000000.0,0.45,15.4826,0.026252,0.266443,101.3322,56.0091,0.0665,5341000000.0,6035000000.0,0.280229,0.416121,-0.364603,0.318765,0.368269,-0.398739,-30000000.0,0.249953,2.2128185e+11,0.363636,-0.391892,9.5665,8.5878,nm,31.45,13.3644,9.9185,3.7163,8.077,nm,nm,-0.8461,nm,12463000000.0,0.810039,,1335000000.0,2294000000.0,1282000000.0,1.0,7036000000.0,nm,nm,-0.304331,8.4628,23.5749,422000000.0,851000000.0,1.8576,3746000000.0,7797000000.0,3746000000.0,0.068735,0.082,259955850000.0,3203000000.0,-2726000000.0,-5904000000.0,7393000000.0,-2726000000.0,-5904000000.0,7393000000.0,-1267000000.0,-38674000000.0,4006000000.0,4006000000.0,0.34565,-0.398679,4006000000.0,501000000.0,-126007863.7,-38674000000.0,7372000000.0,0.003258,399000000.0,0.0,0.0,1089000000.0,0.0,828000000.0,3879992136.3,0.189378,0.26753,-0.39228,28094000000.0,0.223197,0.487825,18.120098,2755000000.0,0.356685,14503000000.0,0.453354,0.258252,2992000000.0,3145000000.0,14000000.0,168000000.0,1478000000.0,7113000000.0,-1139000000.0,0.0,5.6871,15.0376,4.3658,8.1325,0.276219,-11217000000.0,-408000000.0,2220000000.0,0.153072,-851000000.0,-2023000000.0,,-16807000000.0,0.062647,-0.237567,-1.912791,0.193701,0.351254,0.351254,2.264046,2.260787,5864000000.0,1152000000.0,0.079432,5043000000.0,31511000000.0,0.092534,3.6013,0.750047,MSFT,84910000000.0,54499000000.0,45710000000.0,2755000000.0,54518000000.0,26424000000.0,45710000000.0,45710000000.0,11748000000.0,39200000000.0,84910000000.0,23020000000.0,12776000000.0,6575000000.0,5173000000.0,168000000.0,5341000000.0,14503000000.0,8708700000.0,8767000000.0,8876000000.0
4025000000.0,13014000000.0,,,3.3732,5.1627,0.762,0.844723,2664.7025,2733.241111111111,0.52,0.52,5.1725,758000000.0,5505000000.0,0.13,-16.0523,23.0469043240461,21.0904215613532,0.0,62856000000.0,0.886038,1.9129,0.197643,2.322304,13652000000.0,2184000000.0,1074000000.0,3283000000.0,182000000.0,2010-12-31,5939000000.0,0.2145,0.1286,0.113962,718000000.0,718000000.0,-6259000000.0,30529000000.0,0.51,21.4524,0.033264,0.24403,108.2043,70.6996,0.091329,6024000000.0,6742000000.0,0.397885,0.42035,0.11715,0.45437,0.375585,0.127879,-37000000.0,0.25,1.6680727e+11,0.5,0.133333,6.6688,6.025,7.9019,22.0295,9.2293,6.9292,2.6696,8.2406,nm,nm,-0.7879,7483500000.0,12394000000.0,0.802357,,1506000000.0,-221000000.0,1158000000.0,1.0,7572000000.0,-0.286199,-3036000000.0,0.07618,6.8739,17.0144,912000000.0,1585000000.0,1.9129,4939000000.0,7754000000.0,4939000000.0,0.094773,0.107,205410270000.0,3602000000.0,-4098000000.0,-4119000000.0,5604000000.0,-4098000000.0,-4119000000.0,5604000000.0,-2650000000.0,-38603000000.0,4518000000.0,4518000000.0,0.483744,0.127808,4518000000.0,740000000.0,-70500000.0,-38603000000.0,7630000000.0,0.002087,589000000.0,0.0,0.0,1178000000.0,,229000000.0,4447500000.0,0.517374,0.277293,0.146265,29529000000.0,0.458995,-0.241986,7.39314,3170000000.0,0.369724,16039000000.0,0.432633,0.286194,2950000000.0,2931000000.0,7000000.0,94000000.0,1501000000.0,7445000000.0,-1130000000.0,0.0,4.4485,10.9494,3.2874,6.2965,0.281688,-5676000000.0,-758000000.0,2350000000.0,0.146518,-1633000000.0,-3839000000.0,,-16681000000.0,0.224445,0.105909,-1.500253,0.214645,0.405838,0.405838,1.906091,1.904004,2315000000.0,987000000.0,0.061538,1000000000.0,31283000000.0,0.019189,3.6544,0.75,MSFT,86113000000.0,52114000000.0,46175000000.0,3170000000.0,55676000000.0,26147000000.0,46175000000.0,46175000000.0,12869000000.0,39938000000.0,86113000000.0,22807000000.0,13791000000.0,6939000000.0,5930000000.0,94000000.0,6024000000.0,16039000000.0,8807500000.0,8813000000.0,8927000000.0
3654000000.0,9646000000.0,0.0,,3.6571,7.2132,0.7596,0.906341,2733.241111111111,2695.2611111111114,0.63,0.63,5.3987,564000000.0,8161000000.0,0.16,-14.8089,21.0904215613532,21.7380506954305,,61935000000.0,0.802208,1.9642,0.193825,3.487495,12767000000.0,2344000000.0,2136000000.0,2252000000.0,,2011-03-31,11574000000.0,0.3833,0.2466,0.197792,694000000.0,694000000.0,-8540000000.0,35633000000.0,0.62,34.3949,0.031088,0.220383,99.8056,50.6018,0.096722,7230000000.0,7924000000.0,0.464424,0.489287,0.175319,0.517314,0.446434,0.200199,58000000.0,0.251729,1.7113055e+11,0.55,0.215686,6.2279,5.6668,7.4688,33.3458,8.5408,6.5417,2.6024,8.6055,nm,0.095837,-0.8509,8200697095.4,12471000000.0,0.806175,,1820000000.0,1596000000.0,1077000000.0,1.0,5132000000.0,-0.359141,-2876000000.0,-0.32224,10.009,10.612,177000000.0,5535000000.0,1.9642,9665000000.0,9211000000.0,9665000000.0,0.165169,0.2059,212940550000.0,2806000000.0,-639000000.0,-4957000000.0,8194000000.0,-639000000.0,-4957000000.0,8194000000.0,2656000000.0,-41810000000.0,5410000000.0,5410000000.0,0.51371,0.197432,5410000000.0,1242000000.0,-85302904.6,-41810000000.0,7771000000.0,0.002274,494000000.0,0.0,0.0,1152000000.0,,540000000.0,5324697095.4,0.583913,0.328786,0.197234,33724000000.0,0.341739,0.46217,14.528369,3139000000.0,0.439395,16195000000.0,0.36678,0.33909,2176000000.0,3139000000.0,5000000.0,114000000.0,1429000000.0,7384000000.0,-1118000000.0,0.0,4.5362,10.3389,3.2382,6.3766,0.334054,-7417000000.0,-564000000.0,2196000000.0,0.135597,-839000000.0,-4399000000.0,,-14993000000.0,0.253483,0.009726,-2.798362,0.253731,0.492456,0.492456,3.290817,3.288543,3024000000.0,938000000.0,0.057919,1909000000.0,36012000000.0,0.032624,3.8406,0.748271,MSFT,91540000000.0,58516000000.0,46942000000.0,3139000000.0,59581000000.0,25857000000.0,46942000000.0,46942000000.0,13056000000.0,44598000000.0,91540000000.0,24188000000.0,18741000000.0,5940000000.0,7116000000.0,114000000.0,7230000000.0,16195000000.0,8587300000.0,8614000000.0,8695000000.0
3863000000.0,12874000000.0,-69000000.0,,3.9514,5.5413,0.7648,0.975447,2695.2611111111114,2502.065555555556,0.78,0.78,5.6571,491000000.0,4023000000.0,0.16,-7.4624,21.7380506954305,20.9413483340226,,61646000000.0,0.833694,1.8801,0.242219,2.738523,12063000000.0,2548000000.0,1439000000.0,2402000000.0,1355000000.0,2011-06-30,9671000000.0,0.3239,0.1995,0.166306,663000000.0,663000000.0,-5880000000.0,35372000000.0,0.77,19.0419,0.028364,0.230941,92.3728,65.8686,0.085991,8497000000.0,9160000000.0,-0.035586,0.459079,0.155982,-0.043454,0.425851,0.175242,-3000000.0,0.219254,1.975857e+11,0.040541,0.241935,7.2931,6.6168,8.4923,28.7272,9.8642,7.786,2.9627,8.7744,nm,0.171948,-0.8168,9610792279.6,12502000000.0,0.757781,,1863000000.0,-3434000000.0,992000000.0,1.0,6878000000.0,-0.319953,-3236000000.0,0.340218,7.8496,19.1683,660000000.0,-814000000.0,1.8801,9671000000.0,10022000000.0,9671000000.0,0.166306,0.1995,239188700000.0,3825000000.0,-6751000000.0,-1570000000.0,4186000000.0,-6751000000.0,-1570000000.0,4186000000.0,-4138000000.0,-41603000000.0,6634000000.0,6634000000.0,-0.004203,0.226248,6634000000.0,861000000.0,-259207720.4,-41603000000.0,7799000000.0,0.006842,323000000.0,0.0,0.0,1354000000.0,,826000000.0,6374792279.6,-0.001522,0.31949,0.197212,35372000000.0,-0.157577,-0.489138,8.525458,4833000000.0,0.409212,19953000000.0,0.348569,0.325684,2149000000.0,3190000000.0,4000000.0,332000000.0,1307000000.0,7662000000.0,-1363000000.0,0.0,4.9337,11.6292,3.5866,6.8365,0.332481,-5896000000.0,-491000000.0,2185000000.0,0.109507,-186000000.0,-5052000000.0,,-13165000000.0,0.048943,0.232047,-2.042899,0.254277,0.464965,0.464965,2.507864,2.501023,4886000000.0,945000000.0,0.047361,0.0,37229000000.0,0.0,4.0825,0.780746,MSFT,92306000000.0,58152000000.0,48481000000.0,4833000000.0,59684000000.0,24312000000.0,48481000000.0,48481000000.0,15120000000.0,43825000000.0,92306000000.0,24823000000.0,19513000000.0,6955000000.0,8165000000.0,332000000.0,8497000000.0,19953000000.0,8505100000.0,8497000000.0,8570000000.0
3829000000.0,10033000000.0,,,4.2316,7.1586,0.7432,0.876296,2502.065555555556,2604.3042857142855,0.62,0.62,6.2811,658000000.0,7021000000.0,0.16,-16.3743,20.9413483340226,22.0049618923384,0.0,63234000000.0,0.817721,1.862,0.237217,4.118097,11887000000.0,2586000000.0,839000000.0,2917000000.0,1245000000.0,2011-09-30,11915000000.0,0.3897,0.2229,0.182279,720000000.0,720000000.0,-7929000000.0,42221000000.0,0.61,18.8944,0.032363,0.227586,86.2564,50.9878,0.100866,6025000000.0,6745000000.0,0.117647,0.410579,-0.263646,0.128066,0.366752,-0.290926,28000000.0,0.131618,1.670859e+11,0.355556,-0.207792,6.0155,5.4655,7.0532,37.3878,7.9104,6.2682,2.4351,8.9453,nm,-0.217069,-0.884,7524591369.3,12554000000.0,0.762783,,793000000.0,2306000000.0,840000000.0,1.0,4469000000.0,-0.364838,-2567000000.0,-0.350247,11.9279,19.3179,1405000000.0,2239000000.0,1.862,11915000000.0,10748000000.0,11915000000.0,0.182279,0.2229,216068900000.0,3393000000.0,1437000000.0,-7139000000.0,8672000000.0,1437000000.0,-7139000000.0,8672000000.0,2998000000.0,-48983000000.0,5232000000.0,5232000000.0,0.306041,-0.211336,5232000000.0,1056000000.0,-274408630.7,-48983000000.0,7969000000.0,0.006261,414000000.0,0.0,0.0,1132000000.0,,1185000000.0,4957591369.3,0.277732,0.301777,-0.222313,42221000000.0,0.173001,1.071667,13.179331,3897000000.0,0.347516,16428000000.0,0.415267,0.272585,2438000000.0,3325000000.0,5000000.0,316000000.0,1353000000.0,8001000000.0,-1349000000.0,0.0,4.0423,9.9141,3.149,5.3939,0.318481,-14394000000.0,-658000000.0,2269000000.0,0.138118,-15000000.0,-848000000.0,,-9782000000.0,0.132731,-0.176665,-3.176389,0.236708,0.423163,0.423163,3.599552,3.593291,7913000000.0,1160000000.0,0.070611,0.0,43129000000.0,0.0,4.7072,0.868382,MSFT,99727000000.0,65367000000.0,53452000000.0,3897000000.0,66263000000.0,24042000000.0,53452000000.0,53452000000.0,12531000000.0,46275000000.0,99727000000.0,25495000000.0,22233000000.0,6822000000.0,5709000000.0,316000000.0,6025000000.0,16428000000.0,8438700000.0,8420000000.0,8510000000.0
4197000000.0,14987000000.0,-2000000.0,,3.7891,4.9958,0.718,0.722894,2604.3042857142855,3092.6712500000003,0.7,0.7,6.643,642000000.0,9610000000.0,0.16,1.4774,22.0049618923384,27.5216772093724,0.0,63415000000.0,0.827242,1.8867,0.213508,3.803158,15722000000.0,2467000000.0,580000000.0,3575000000.0,1208000000.0,2011-12-31,11921000000.0,0.3866,0.2088,0.172758,689000000.0,689000000.0,-6628000000.0,46144000000.0,0.69,24.7442,0.032725,0.223758,96.3289,73.0621,0.103617,6319000000.0,7008000000.0,0.039454,0.403524,0.038992,0.048971,0.363851,0.048797,20000000.0,0.070423,1.71702e+11,0.352941,0.131148,6.1167,5.5681,6.9785,31.9922,7.6654,6.3607,2.4549,8.858,0.061191,0.055396,-0.8747,7941422535.2,12581000000.0,0.786492,,445000000.0,-1177000000.0,744000000.0,1.0,5367000000.0,-0.291204,-2205000000.0,0.20094,10.8112,14.7509,180000000.0,,1.8867,11921000000.0,10865000000.0,11921000000.0,0.172758,0.2088,223418000000.0,3916000000.0,-2423000000.0,-950000000.0,5942000000.0,-2423000000.0,-950000000.0,5942000000.0,2589000000.0,-51716000000.0,5874000000.0,5874000000.0,0.300133,0.122706,5874000000.0,1372000000.0,-137577464.8,-51716000000.0,8162000000.0,0.003046,556000000.0,0.0,0.0,1398000000.0,,1456000000.0,5736422535.2,0.289808,0.330306,0.157099,46144000000.0,0.060314,-0.314806,9.255452,3708000000.0,0.355329,17367000000.0,0.431163,0.261259,3320000000.0,3492000000.0,3000000.0,148000000.0,1434000000.0,8072000000.0,-1350000000.0,0.0,3.9139,9.6509,3.1943,5.1058,0.338228,-8286000000.0,-642000000.0,2393000000.0,0.13779,,-1256000000.0,,-6332000000.0,0.082798,0.057159,-3.120862,0.24286,0.450138,0.450138,3.571,3.567954,7980000000.0,1179000000.0,0.067887,0.0,43162000000.0,0.0,5.0923,0.929577,MSFT,108704000000.0,69004000000.0,57083000000.0,3708000000.0,74918000000.0,28774000000.0,57083000000.0,57083000000.0,13659000000.0,51621000000.0,108704000000.0,25624000000.0,22847000000.0,7488000000.0,6171000000.0,148000000.0,6319000000.0,17367000000.0,8479900000.0,8490000000.0,8593000000.0
3719000000.0,10153000000.0,-875000000.0,,4.3985,7.1842,0.7149,0.617301,3092.6712500000003,2879.0075,0.68,0.68,6.9954,436000000.0,12881000000.0,0.2,7.3503,27.5216772093724,26.273808035975,0.0,63492000000.0,0.832763,1.8711,0.217419,4.301619,14345000000.0,2190000000.0,705000000.0,2388000000.0,1141000000.0,2012-03-31,11927000000.0,0.3854,0.2008,0.167237,726000000.0,726000000.0,-7675000000.0,49728000000.0,0.68,39.5276,0.035347,0.23013,82.9832,50.8059,0.111104,7306000000.0,8032000000.0,0.013629,0.462353,0.146119,0.010512,0.420562,0.156196,-38000000.0,0.214618,1.572641e+11,0.096774,-0.014493,5.5872,5.0821,6.983,29.4557,6.9194,5.7621,2.2113,9.0003,-0.335409,-0.313712,-0.9015,5450105666.6,12537000000.0,0.782581,,1568000000.0,1571000000.0,1026000000.0,1.0,5339000000.0,0.040335,207000000.0,-0.005217,13.5842,9.2341,336000000.0,,1.8711,11927000000.0,8576000000.0,11927000000.0,0.167237,0.2008,211316100000.0,2900000000.0,-2869000000.0,-2315000000.0,8493000000.0,-2869000000.0,-2315000000.0,8493000000.0,3271000000.0,-54052000000.0,5738000000.0,5738000000.0,0.060628,-0.023153,5738000000.0,2270000000.0,-80894333.4,-54052000000.0,8033000000.0,0.001688,458000000.0,0.0,0.0,1313000000.0,,1040000000.0,5657105666.6,0.062428,0.325645,-0.013827,49728000000.0,0.03649,0.429317,19.479358,3777000000.0,0.414633,17372000000.0,0.367948,0.300675,3255000000.0,3245000000.0,70000000.0,103000000.0,1972000000.0,8201000000.0,-1341000000.0,0.0,3.558,9.0006,2.9713,4.6111,0.330302,-11365000000.0,-436000000.0,2329000000.0,0.134066,,-1934000000.0,,-4101000000.0,0.072677,0.000288,-3.986491,0.236144,0.437132,0.437132,4.423622,4.421935,10361000000.0,1163000000.0,0.066947,,44522000000.0,0.0,5.3979,0.785382,MSFT,107415000000.0,71318000000.0,59391000000.0,3777000000.0,75271000000.0,25543000000.0,59391000000.0,59391000000.0,13595000000.0,48024000000.0,107415000000.0,24111000000.0,22481000000.0,6392000000.0,7203000000.0,103000000.0,7306000000.0,17372000000.0,8438200000.0,8392000000.0,8490000000.0
3884000000.0,13643000000.0,-8627000000.0,,4.394,5.4344,0.7045,0.460329,2879.0075,3140.137142857143,0.79,0.79,7.5748,498000000.0,10610000000.0,0.2,7.8147,26.273808035975,25.7305903778171,0.0,63902000000.0,0.843109,1.8166,0.269955,1.090778,13985000000.0,2169000000.0,921000000.0,2677000000.0,849000000.0,2012-06-30,11932000000.0,0.3886,0.1861,0.156891,678000000.0,678000000.0,-4596000000.0,47140000000.0,0.78,23.7186,0.036694,0.243864,83.0686,67.1647,0.106793,8239000000.0,8917000000.0,-0.026528,0.426957,0.110184,-0.030364,0.394494,0.127703,-52000000.0,0.196019,1.723974e+11,0.012987,0.147059,6.1816,5.6152,13.3686,10.2819,7.5664,5.9511,2.3927,9.1153,-1.360217,-1.635213,-0.79,-3461975361.1,19670000000.0,0.730045,,1615000000.0,-1899000000.0,2581000000.0,1.0,16767000000.0,1.437773,9889000000.0,2.140476,6.0945,15.3888,208000000.0,,1.8166,11932000000.0,7550000000.0,11932000000.0,0.156891,0.1861,219751400000.0,3762000000.0,-2513000000.0,-5568000000.0,5862000000.0,-2513000000.0,-5568000000.0,5862000000.0,-2271000000.0,-47354000000.0,6624000000.0,6624000000.0,-0.001507,0.154409,6624000000.0,1351000000.0,-196975361.1,-47354000000.0,8010000000.0,0.004429,459000000.0,0.0,0.0,1349000000.0,,1082000000.0,6427024638.9,0.008194,0.307734,0.136098,47140000000.0,0.400382,-0.309785,11.771084,5638000000.0,0.382763,20885000000.0,0.347283,0.277919,3614000000.0,3057000000.0,4000000.0,245000000.0,1919000000.0,8386000000.0,-1683000000.0,0.0,3.4271,9.3639,3.0499,5.2484,0.317165,-10339000000.0,-498000000.0,2371000000.0,0.113526,,-1042000000.0,,219000000.0,0.04671,0.202222,-1.478153,0.223442,0.397326,0.397326,1.875479,1.87105,13896000000.0,1120000000.0,0.053627,,41126000000.0,0.0,4.9462,0.803981,MSFT,112243000000.0,76053000000.0,64121000000.0,5638000000.0,72513000000.0,25373000000.0,64121000000.0,64121000000.0,15247000000.0,48122000000.0,112243000000.0,31720000000.0,22749000000.0,7253000000.0,7994000000.0,245000000.0,8239000000.0,20885000000.0,8384800000.0,8402000000.0,8465000000.0
3790000000.0,10961000000.0,-84000000.0,,4.4822,6.9573,0.6708,0.484578,3140.137142857143,2998.25,0.61,0.61,8.0794,749000000.0,6388000000.0,0.2,-2.5919,25.7305903778171,23.2893620161746,0.0,65273000000.0,0.85188,1.7831,0.227035,1.871626,13929000000.0,2350000000.0,958000000.0,3272000000.0,1210000000.0,2012-09-30,11938000000.0,0.384,0.1739,0.14812,766000000.0,766000000.0,-8839000000.0,50690000000.0,0.6,26.3783,0.031143,0.259467,81.4329,52.4627,0.085165,6363000000.0,7129000000.0,0.056931,0.409548,-0.200516,0.0561,0.365543,-0.227698,30000000.0,0.197234,2.1744399e+11,-0.016393,-0.230769,7.7034,6.9949,14.1088,18.1203,9.4776,7.2746,2.9774,9.0195,-1.320837,0.302661,-0.8651,-2414169574.1,19698000000.0,0.772965,,1255000000.0,3071000000.0,2756000000.0,1.0,12000000000.0,1.685164,7531000000.0,-0.284308,8.8689,13.8371,1091000000.0,,1.7831,11938000000.0,9068000000.0,11938000000.0,0.14812,0.1739,274102990000.0,3414000000.0,-1605000000.0,-12241000000.0,9594000000.0,-1605000000.0,-12241000000.0,9594000000.0,-4222000000.0,-56659000000.0,5108000000.0,5108000000.0,-0.0237,-0.228865,5108000000.0,1412000000.0,8830425.9,-56659000000.0,8225000000.0,-0.000167,649000000.0,0.0,0.0,1262000000.0,,1456000000.0,5116830425.9,0.03212,0.293952,-0.203857,50690000000.0,0.106319,0.636643,12.809079,3952000000.0,0.366175,17407000000.0,0.40679,0.245213,2608000000.0,3011000000.0,10000000.0,-11000000.0,1403000000.0,8525000000.0,-1683000000.0,0.0,3.9922,11.7419,3.7532,5.9323,0.293445,-23593000000.0,-749000000.0,2517000000.0,0.144597,,-1023000000.0,,3386000000.0,0.059593,-0.166531,-2.255572,0.196848,0.351464,0.351464,2.607036,2.607204,12185000000.0,1150000000.0,0.066065,,53141000000.0,0.0,5.4372,0.802766,MSFT,118010000000.0,80597000000.0,68659000000.0,3952000000.0,76860000000.0,26170000000.0,68659000000.0,68659000000.0,13455000000.0,49351000000.0,118010000000.0,32925000000.0,23181000000.0,7081000000.0,6374000000.0,-11000000.0,6363000000.0,17407000000.0,8373800000.0,8401000000.0,8498000000.0
4175000000.0,15780000000.0,-526000000.0,1422000000.0,4.1878,4.7923,0.6411,0.672282,2998.25,3246.57,-0.06,-0.06,7.8019,622000000.0,6938000000.0,0.2,15.1251,23.2893620161746,25.1465090548755,0.0,65797000000.0,0.847472,1.863,0.230522,3.033655,18653000000.0,2035000000.0,789000000.0,3875000000.0,814000000.0,2012-12-31,11944000000.0,0.4733,0.18,0.152528,797000000.0,797000000.0,-9413000000.0,53627000000.0,-0.06,26.1205,0.034107,0.376075,87.1586,76.1632,0.06525,359000000.0,1156000000.0,-0.835046,0.064012,-0.837845,-0.943187,0.019879,-0.94358,-44000000.0,2.370474,1.9932654e+11,-1.086957,-1.1,8.9517,7.8991,12.1026,36.3006,12.0122,6.3026,2.7037,8.9736,-1.048748,0.839642,-0.912,-387130919.2,13452000000.0,0.769478,6193000000.0,851000000.0,794000000.0,3170000000.0,1.0,5491000000.0,0.023104,124000000.0,-0.542417,13.5795,13.9737,278000000.0,,1.863,10713000000.0,9776000000.0,10713000000.0,0.136808,0.1614,260198540000.0,3781000000.0,-2421000000.0,-4662000000.0,7677000000.0,-2421000000.0,-4662000000.0,7677000000.0,550000000.0,-60872000000.0,-492000000.0,-492000000.0,-1.083759,-1.096319,-492000000.0,1137000000.0,228869080.8,-60872000000.0,8269000000.0,-0.004066,6578000000.0,0.0,0.0,1406000000.0,,1893000000.0,-263130919.2,-1.04587,-0.014571,-1.051425,52396000000.0,0.291989,-0.199812,12.342444,4163000000.0,0.010632,18059000000.0,0.758846,0.012745,3092000000.0,3151000000.0,9000000.0,167000000.0,1520000000.0,8208000000.0,-1678000000.0,0.0,3.9208,15.3256,3.5294,5.2311,-0.027244,-12347000000.0,-622000000.0,2594000000.0,0.14364,,-1030000000.0,,-856000000.0,0.039846,0.037456,0.17675,-0.017467,-0.021111,-0.021111,-0.197862,-0.193796,8833000000.0,1136000000.0,0.062905,1231000000.0,56102000000.0,0.01572,5.8478,-1.370474,MSFT,121271000000.0,78307000000.0,66363000000.0,4163000000.0,85084000000.0,32688000000.0,66363000000.0,66363000000.0,13896000000.0,54908000000.0,121271000000.0,27918000000.0,22220000000.0,13704000000.0,192000000.0,167000000.0,359000000.0,18059000000.0,8405000000.0,8396000000.0,8506000000.0
3631000000.0,9871000000.0,-1145000000.0,1820000000.0,4.8765,7.2272,0.6312,0.72883,3246.57,3367.4085714285716,0.53,0.53,8.1041,603000000.0,5036000000.0,0.23,15.309,25.1465090548755,30.5766450964488,0.0,66084000000.0,0.852078,1.7882,0.26037,3.486288,18295000000.0,2052000000.0,847000000.0,2666000000.0,415000000.0,2013-03-31,11950000000.0,0.5097,0.1736,0.147922,710000000.0,710000000.0,-11759000000.0,54885000000.0,0.53,39.6549,0.036342,0.427862,74.8493,50.5035,0.062133,5534000000.0,6244000000.0,-0.22261,0.390055,4.401384,-0.24254,0.345702,14.415042,47000000.0,0.192989,1.8804944e+11,-0.220588,9.833333,9.1754,8.0205,11.4243,45.821,12.3509,5.9477,2.5988,8.8448,0.01257,15.255166,-0.9264,5518615468.0,14466000000.0,0.73963,,1068000000.0,2871000000.0,3423000000.0,1.0,4104000000.0,-0.231317,-1235000000.0,-0.252595,15.3254,9.2044,417000000.0,0.0,1.7882,9714000000.0,10038000000.0,9714000000.0,0.120244,0.1411,252781440000.0,2945000000.0,-2714000000.0,-7719000000.0,8484000000.0,-2714000000.0,-7719000000.0,8484000000.0,-1902000000.0,-64732000000.0,4466000000.0,4466000000.0,-0.22168,10.077236,4466000000.0,1624000000.0,-182384532.0,-64732000000.0,8329000000.0,0.003071,437000000.0,0.0,0.0,1292000000.0,,2209000000.0,4283615468.0,-0.24279,0.267592,17.279408,52649000000.0,-0.00106,0.105119,14.069652,4168000000.0,0.331584,16008000000.0,0.408046,0.218191,3860000000.0,3312000000.0,177000000.0,226000000.0,1569000000.0,8423000000.0,-1676000000.0,0.0,3.6722,16.0946,3.4934,4.9617,0.278986,-20537000000.0,-603000000.0,2460000000.0,0.153673,0.0,-1632000000.0,,932000000.0,-0.078517,-0.113572,-3.796113,0.176083,0.304851,0.304851,4.100964,4.097893,14566000000.0,1127000000.0,0.070402,2236000000.0,61608000000.0,0.027678,5.998,0.807011,MSFT,121876000000.0,80786000000.0,68836000000.0,4168000000.0,84051000000.0,31402000000.0,68836000000.0,68836000000.0,11840000000.0,53040000000.0,121876000000.0,29496000000.0,21638000000.0,6532000000.0,5308000000.0,226000000.0,5534000000.0,16008000000.0,8426400000.0,8396000000.0,8494000000.0
4356000000.0,14317000000.0,-311000000.0,2006000000.0,4.3629,5.2167,0.6054,0.796494,3367.4085714285716,3772.8385714285714,0.76,0.76,8.595,930000000.0,6017000000.0,0.23,16.8873,30.5766450964488,29.6671729211873,0.0,66334000000.0,0.836476,1.7625,0.265287,1.973473,18354000000.0,1983000000.0,630000000.0,2942000000.0,21000000.0,2013-06-30,14188000000.0,0.6087,0.1955,0.163524,1009000000.0,1009000000.0,-8407000000.0,59905000000.0,0.76,30.5808,0.04309,0.45087,83.6606,69.9671,0.068543,7770000000.0,8779000000.0,-0.015476,0.409163,0.40599,-0.056924,0.362136,0.404048,15000000.0,0.179279,1.607057068e+11,-0.025641,0.433962,8.0249,6.8949,6.6443,20.7496,10.5972,5.263,2.2036,8.7299,5.448276,1.790523,-0.8207,15399820720.7,14727000000.0,0.734713,,1393000000.0,-3222000000.0,3341000000.0,1.0,7745000000.0,-0.538081,-9022000000.0,0.887183,5.9506,11.9356,145000000.0,2232000000.0,1.7625,11947000000.0,10707000000.0,11947000000.0,0.137695,0.1646,225536706800.0,4309000000.0,-1221000000.0,-2593000000.0,4780000000.0,-1221000000.0,-2593000000.0,4780000000.0,981000000.0,-64831000000.0,6377000000.0,6377000000.0,-0.037289,0.4279,6377000000.0,1661000000.0,820720.7,-64831000000.0,8698000000.0,-1.5e-05,616000000.0,0.0,0.0,1459000000.0,,2394000000.0,6377820720.7,-0.007656,0.297251,0.488887,57664000000.0,-0.184579,-0.436587,5.139785,5692000000.0,0.362183,21456000000.0,0.37253,0.219243,3301000000.0,3366000000.0,9000000.0,-1000000.0,1636000000.0,8397000000.0,-1933000000.0,0.0,3.1076,14.5893,3.0925,4.1377,0.297213,-10467000000.0,-930000000.0,2528000000.0,0.117823,-16000000.0,-1658000000.0,,4236000000.0,0.02734,0.34033,-1.451645,0.179937,0.317164,0.317164,1.768809,1.768824,9115000000.0,1156000000.0,0.053878,2241000000.0,62295000000.0,0.025829,6.4552,0.820721,MSFT,128683000000.0,86764000000.0,72576000000.0,5692000000.0,89574000000.0,31910000000.0,72576000000.0,72576000000.0,15764000000.0,56107000000.0,128683000000.0,30411000000.0,24197000000.0,7993000000.0,7771000000.0,-1000000.0,7770000000.0,21456000000.0,8390800000.0,8393000000.0,8444000000.0
4532000000.0,11991000000.0,-108000000.0,2205000000.0,4.5205,6.6236,0.603,0.765574,3772.8385714285714,4159.8133333333335,0.72,0.72,9.0981,930000000.0,5240000000.0,0.23,8.7585,29.6671729211873,33.6029817450159,0.0,66826000000.0,0.84381,1.7346,0.233638,2.662118,16511000000.0,1676000000.0,689000000.0,3474000000.0,564000000.0,2013-09-30,14195000000.0,0.5716,0.1851,0.15619,1053000000.0,1053000000.0,-10642000000.0,63841000000.0,0.72,34.3946,0.033319,0.439595,80.7424,55.1063,0.068043,7603000000.0,8656000000.0,0.214196,0.422471,-0.014011,0.194877,0.371077,-0.021493,-39000000.0,0.203604,1.69630545e+11,0.2,-0.052632,7.9766,6.8303,7.4063,32.5774,10.5292,5.5422,2.2316,8.7225,6.324882,-0.165239,-0.8816,12855167565.4,14682000000.0,0.766362,,1548000000.0,2017000000.0,3240000000.0,1.0,5207000000.0,-0.566083,-6793000000.0,-0.327695,8.835,10.6121,203000000.0,,1.7346,11949000000.0,11193000000.0,11949000000.0,0.131477,0.1558,241111545000.0,3794000000.0,-2744000000.0,-7660000000.0,9666000000.0,-2744000000.0,-7660000000.0,9666000000.0,-777000000.0,-71481000000.0,6055000000.0,6055000000.0,0.185395,-0.050494,6055000000.0,2133000000.0,7167565.4,-71481000000.0,9204000000.0,-0.000112,541000000.0,0.0,0.0,1394000000.0,,2424000000.0,6062167565.4,0.184751,0.295874,-0.049492,61595000000.0,0.007505,1.022176,10.393548,4787000000.0,0.371516,20489000000.0,0.394846,0.223758,3241000000.0,3913000000.0,6000000.0,-9000000.0,2262000000.0,9721000000.0,-1925000000.0,0.0,3.1441,14.6965,3.172,4.1029,0.295524,-17617000000.0,-930000000.0,2640000000.0,0.12885,,-1028000000.0,,7657000000.0,0.177055,-0.045069,-2.304684,0.1782,0.309368,0.309368,2.614052,2.614164,10995000000.0,1656000000.0,0.080824,2246000000.0,69243000000.0,0.024713,6.9719,0.796396,MSFT,134105000000.0,90883000000.0,76688000000.0,4787000000.0,93524000000.0,31929000000.0,76688000000.0,76688000000.0,15702000000.0,57417000000.0,134105000000.0,31377000000.0,25488000000.0,8090000000.0,7612000000.0,-9000000.0,7603000000.0,20489000000.0,8409700000.0,8364000000.0,8429000000.0
4828000000.0,17486000000.0,-20000000.0,1743000000.0,4.5285,4.6804,0.5904,0.58615,4159.8133333333335,4202.429999999999,0.6,0.6,9.3204,1794000000.0,3804000000.0,0.23,24.9135,33.6029817450159,37.0941644655194,0.0,67306000000.0,0.834997,1.8148,0.2884,3.359889,20639000000.0,1632000000.0,592000000.0,4117000000.0,645000000.0,2013-12-31,15600000000.0,0.5064,0.1976,0.165003,983000000.0,983000000.0,-9974000000.0,67048000000.0,0.57,27.5294,0.034725,0.340987,80.6008,77.9849,0.074721,6145000000.0,7128000000.0,5.16609,0.358263,-0.176525,16.116992,0.308856,-0.191766,-31000000.0,0.192026,2.2033015e+11,10.5,-0.208333,8.1447,7.152,10.7777,32.9934,10.1862,7.6416,2.8302,8.5267,10.608703,-0.710636,-0.9163,3719825874.7,14655000000.0,0.7116,,1180000000.0,-728000000.0,3083000000.0,1.0,6678000000.0,0.216172,1187000000.0,0.282504,12.7946,13.2585,166000000.0,2651000000.0,1.8148,12601000000.0,10844000000.0,12601000000.0,0.133282,0.1596,292596150000.0,4228000000.0,-1469000000.0,-5839000000.0,5903000000.0,-1469000000.0,-5839000000.0,5903000000.0,-1436000000.0,-72266000000.0,4965000000.0,4965000000.0,11.091463,-0.180017,4965000000.0,1938000000.0,-58174125.3,-72266000000.0,9991000000.0,0.000874,683000000.0,0.0,0.0,1760000000.0,,1709000000.0,4906825874.7,19.64785,0.246624,-0.190582,64049000000.0,-0.23108,-0.389303,3.290412,5738000000.0,0.305237,19896000000.0,0.406363,0.182358,3388000000.0,3597000000.0,17000000.0,72000000.0,2392000000.0,10000000000.0,-1921000000.0,0.0,3.7064,13.3832,3.7585,4.7805,0.249548,-26943000000.0,-1794000000.0,2783000000.0,0.139877,-1340000000.0,-1042000000.0,,9895000000.0,0.101722,-0.028942,-2.890402,0.147341,0.265061,0.265061,3.155462,3.154589,22918000000.0,1074000000.0,0.053981,2999000000.0,73218000000.0,0.031721,7.2262,0.807974,MSFT,142431000000.0,94544000000.0,78944000000.0,5738000000.0,101466000000.0,37417000000.0,78944000000.0,78944000000.0,14158000000.0,63487000000.0,142431000000.0,30974000000.0,26070000000.0,8085000000.0,6073000000.0,72000000.0,6145000000.0,19896000000.0,8376600000.0,8375000000.0,8470000000.0
4841000000.0,11007000000.0,-15000000.0,2731000000.0,5.043,7.699,0.6083,0.601166,4202.429999999999,4378.857142857143,0.63,0.63,9.68,1231000000.0,4023000000.0,0.28,11.2282,37.0941644655194,37.9980954969375,0.0,67230000000.0,0.836717,1.7559,0.277673,4.823249,18585000000.0,1258000000.0,834000000.0,2856000000.0,582000000.0,2014-03-31,15932000000.0,0.499,0.1951,0.163283,954000000.0,954000000.0,-12545000000.0,68127000000.0,0.62,36.1976,0.036777,0.33987,72.3781,47.4087,0.080664,6408000000.0,7362000000.0,0.179052,0.397323,0.032828,0.157933,0.345836,0.042799,24000000.0,0.181648,2.0394852e+11,0.169811,0.087719,7.3032,6.3884,9.3861,41.5712,9.052,7.1426,2.5376,8.4144,-0.206061,0.177862,-0.9401,4381441947.6,14667000000.0,0.722327,,1164000000.0,1484000000.0,2982000000.0,1.0,4906000000.0,0.195419,802000000.0,-0.265349,17.8402,10.0835,203000000.0,1300000000.0,1.7559,12632000000.0,11995000000.0,12632000000.0,0.129462,0.1547,280683520000.0,3304000000.0,-3396000000.0,-4614000000.0,8205000000.0,-3396000000.0,-4614000000.0,8205000000.0,219000000.0,-76735000000.0,5244000000.0,5244000000.0,0.174205,0.056193,5244000000.0,2613000000.0,-60558052.4,-76735000000.0,10774000000.0,0.000856,523000000.0,0.0,0.0,1629000000.0,,2236000000.0,5183441947.6,0.210062,0.279748,0.056374,64827000000.0,-0.032885,0.389971,6.665313,5145000000.0,0.341843,18529000000.0,0.380485,0.210389,3900000000.0,3625000000.0,205000000.0,74000000.0,2480000000.0,9587000000.0,-1916000000.0,0.0,3.438,12.3971,3.4924,4.3862,0.283016,-14832000000.0,-1231000000.0,2767000000.0,0.149333,-1000000000.0,-2188000000.0,0.0,11680000000.0,0.157484,-0.068707,-4.691114,0.172172,0.299632,0.299632,4.990746,4.989889,11464000000.0,979000000.0,0.052836,3300000000.0,76649000000.0,0.033821,7.5874,0.818352,MSFT,142348000000.0,97573000000.0,81641000000.0,5145000000.0,99450000000.0,34623000000.0,81641000000.0,81641000000.0,13384000000.0,60707000000.0,142348000000.0,32124000000.0,26084000000.0,7050000000.0,6334000000.0,74000000.0,6408000000.0,18529000000.0,8323800000.0,8339000000.0,8434000000.0
5398000000.0,15986000000.0,-139000000.0,3277000000.0,4.9194,5.5066,0.5912,0.633818,4378.857142857143,4509.9685714285715,0.79,0.79,10.137,1732000000.0,10059000000.0,0.28,16.8483,37.9980954969375,42.505345963931,0.0,67476000000.0,0.787409,1.7899,0.33941,2.43249,17616000000.0,1328000000.0,591000000.0,3169000000.0,748000000.0,2014-06-30,22976000000.0,0.7117,0.27,0.212591,1261000000.0,1261000000.0,-8516000000.0,75428000000.0,0.78,24.7598,0.028122,0.354658,74.1958,66.2843,0.072668,7878000000.0,9139000000.0,0.041007,0.372731,0.241375,0.0139,0.321302,0.229401,33000000.0,0.167555,2.3848195e+11,0.026316,0.258065,8.5069,7.3868,11.3538,25.0375,10.4668,8.4607,2.8584,8.2342,-0.684818,0.107798,-0.8905,4853752475.2,14680000000.0,0.66059,,1320000000.0,-4024000000.0,2945000000.0,1.0,9525000000.0,0.229826,1780000000.0,0.9415,9.6622,14.7416,117000000.0,7550000000.0,1.7899,20676000000.0,14607000000.0,20676000000.0,0.19131,0.243,314056950000.0,4283000000.0,2615000000.0,-1025000000.0,4413000000.0,2615000000.0,-1025000000.0,4413000000.0,6036000000.0,-75575000000.0,6558000000.0,6558000000.0,0.028383,0.250572,6558000000.0,1594000000.0,75752475.2,-75575000000.0,11567000000.0,-0.001079,618000000.0,0.0,0.0,1858000000.0,,2377000000.0,6633752475.2,0.040128,0.270556,0.279797,73128000000.0,-0.076778,-0.462157,2.547921,8322000000.0,0.325013,24519000000.0,0.335576,0.18997,4018000000.0,3920000000.0,20000000.0,-91000000.0,2874000000.0,9790000000.0,-2332000000.0,0.0,3.6904,13.7611,3.7642,4.6544,0.267466,-13062000000.0,-1732000000.0,2748000000.0,0.112076,-627000000.0,-2113000000.0,0.0,14347000000.0,0.142757,0.323277,-2.328795,0.158139,0.285364,0.285364,2.614159,2.615238,13908000000.0,1197000000.0,0.048819,2300000000.0,73885000000.0,0.021281,8.0375,0.832445,MSFT,153543000000.0,1.08076e+11,85100000000.0,8322000000.0,106870000000.0,33742000000.0,85100000000.0,85100000000.0,16197000000.0,68443000000.0,153543000000.0,35106000000.0,34701000000.0,8228000000.0,7969000000.0,-91000000.0,7878000000.0,24519000000.0,8301300000.0,8326000000.0,8395000000.0
4583000000.0,13497000000.0,-157000000.0,3332000000.0,5.5256,6.5401,0.5744,0.699113,4509.9685714285715,4778.2242857142855,0.68,0.68,10.4487,1192000000.0,11572000000.0,0.28,19.1255,42.505345963931,42.8587335041521,0.0,67803000000.0,0.79402,1.7685,0.292996,3.42626,17670000000.0,1424000000.0,694000000.0,3887000000.0,794000000.0,2014-09-30,22679000000.0,0.7123,0.2594,0.20598,1255000000.0,1255000000.0,-11322000000.0,77103000000.0,0.68,29.3719,0.032829,0.378606,66.056,55.8096,0.065392,6957000000.0,8212000000.0,-0.051294,0.40249,-0.101433,-0.084966,0.340979,-0.116908,2000000.0,0.186431,2.6242533e+11,-0.055556,-0.128205,9.5818,8.2417,12.6672,38.11,11.7176,9.1693,3.1486,7.9473,-0.689243,-0.17696,-0.9263,3994830674.1,14751000000.0,0.707004,,1297000000.0,2644000000.0,2901000000.0,1.0,6886000000.0,0.322451,1679000000.0,-0.27706,13.7843,12.4268,141000000.0,,1.7685,20679000000.0,14792000000.0,20679000000.0,0.187815,0.2365,342963330000.0,3542000000.0,-4304000000.0,-4284000000.0,10099000000.0,-4304000000.0,-4284000000.0,10099000000.0,1513000000.0,-80538000000.0,5660000000.0,5660000000.0,-0.065235,-0.136932,5660000000.0,1920000000.0,13830674.1,-80538000000.0,11771000000.0,-0.000182,540000000.0,0.0,0.0,1842000000.0,,2318000000.0,5673830674.1,-0.064059,0.278088,-0.144703,75103000000.0,0.044796,1.288466,8.472315,5978000000.0,0.341812,20403000000.0,0.365191,0.195846,3740000000.0,4275000000.0,22000000.0,-17000000.0,2898000000.0,9953000000.0,-2322000000.0,0.0,3.923,15.2924,4.1149,4.9155,0.27741,-21323000000.0,-1192000000.0,2743000000.0,0.134441,-300000000.0,-1845000000.0,0.0,16289000000.0,-0.004197,-0.16787,-3.550965,0.159334,0.282295,0.282295,3.83326,3.833442,18388000000.0,1166000000.0,0.057148,2000000000.0,76853000000.0,0.018165,8.339,0.813569,MSFT,156119000000.0,1.10103e+11,87424000000.0,5978000000.0,109006000000.0,33903000000.0,87424000000.0,87424000000.0,14425000000.0,68695000000.0,156119000000.0,35342000000.0,34792000000.0,7451000000.0,6974000000.0,-17000000.0,6957000000.0,20403000000.0,8323500000.0,8284000000.0,8367000000.0
7432000000.0,19544000000.0,-5626000000.0,3708000000.0,4.4173,4.6899,0.5516,0.733669,4778.2242857142855,4926.4457142857145,0.56,0.56,10.6898,1330000000.0,8669000000.0,0.28,26.187,42.8587335041521,37.7786065677959,0.0,68366000000.0,0.798584,1.8658,0.326448,1.7638,23150000000.0,1941000000.0,782000000.0,4797000000.0,558000000.0,2014-12-31,22645000000.0,0.6855,0.2522,0.201416,1742000000.0,1742000000.0,-15088000000.0,70621000000.0,0.55,30.9895,0.033797,0.402238,82.6298,77.8273,0.063026,6577000000.0,8319000000.0,0.167088,0.355787,0.01303,0.070301,0.281285,-0.054621,-198000000.0,0.298768,2.725773e+11,-0.035088,-0.191176,9.7979,8.2519,16.4395,22.4843,12.3755,8.3865,3.1391,7.55,-1.241844,-1.225195,-0.8886,-899616998.6,20127000000.0,0.673552,127000000.0,1965000000.0,2775000000.0,6981000000.0,1.0,12123000000.0,0.815364,5445000000.0,0.760529,9.2371,11.7782,146000000.0,2000000000.0,1.8658,20645000000.0,14597000000.0,20645000000.0,0.183627,0.2299,350238300000.0,4682000000.0,-3580000000.0,-8910000000.0,9785000000.0,-3580000000.0,-8910000000.0,9785000000.0,-2903000000.0,-77661000000.0,4612000000.0,4612000000.0,-0.071098,-0.185159,4612000000.0,2660000000.0,-66616998.6,-77661000000.0,13011000000.0,0.000889,656000000.0,0.0,0.0,2008000000.0,,2728000000.0,4545383001.4,-0.073661,0.194397,-0.198886,68621000000.0,0.657632,-0.031092,7.357143,7633000000.0,0.277222,23382000000.0,0.396331,0.155169,4392000000.0,6906000000.0,-247000000.0,95000000.0,3422000000.0,11594000000.0,-2309000000.0,0.0,3.9009,15.8666,4.0335,5.5881,0.197246,-23560000000.0,-1330000000.0,3123000000.0,0.133564,-2000000000.0,-1170000000.0,,17710000000.0,0.175211,0.146008,-1.594779,0.10881,0.200876,0.200876,1.795654,1.794765,21606000000.0,1335000000.0,0.057095,2000000000.0,77040000000.0,0.017789,7.4623,0.701232,MSFT,172384000000.0,1.12429e+11,89784000000.0,7633000000.0,114246000000.0,45625000000.0,89784000000.0,89784000000.0,15749000000.0,82600000000.0,172384000000.0,45127000000.0,36975000000.0,9267000000.0,6482000000.0,95000000.0,6577000000.0,23382000000.0,8298500000.0,8299000000.0,8399000000.0
6769000000.0,12887000000.0,-141000000.0,3757000000.0,5.2034,7.6592,0.5866,0.808891,4926.4457142857145,5082.072857142857,0.55,0.55,10.7975,1282000000.0,6302000000.0,0.31,12.2738,37.7786065677959,41.2936314320409,0.0,68362000000.0,0.791729,1.816,0.356579,1.978478,20713000000.0,1784000000.0,903000000.0,3740000000.0,191000000.0,2015-03-31,23720000000.0,0.7189,0.2631,0.208271,1428000000.0,1428000000.0,-16200000000.0,72993000000.0,0.54,34.7648,0.026354,0.433786,70.1458,47.6548,0.055198,5896000000.0,7324000000.0,-0.005162,0.315676,-0.119606,-0.0799,0.254127,-0.103543,-6000000.0,0.229986,3.0773636e+11,-0.129032,-0.018182,11.2691,9.327,19.8649,28.616,14.421,9.425,3.3631,7.6245,-1.307671,-0.498461,-0.9089,-1348040705.6,20081000000.0,0.643421,1140000000.0,1356000000.0,2187000000.0,6693000000.0,1.0,10754000000.0,1.19201,5848000000.0,-0.112926,11.6865,10.4991,216000000.0,2999000000.0,1.816,18472000000.0,13943000000.0,18472000000.0,0.162192,0.2049,387152360000.0,3728000000.0,-2978000000.0,-7737000000.0,8354000000.0,-2978000000.0,-7737000000.0,8354000000.0,-2367000000.0,-79416000000.0,4540000000.0,4540000000.0,-0.134249,-0.015611,4540000000.0,3141000000.0,-40040705.6,-79416000000.0,13229000000.0,0.000513,199000000.0,0.0,0.0,1825000000.0,,2714000000.0,4499959294.4,-0.131859,0.193955,-0.009993,67745000000.0,0.01816,-0.146244,6.516381,8273000000.0,0.251886,23201000000.0,0.391535,0.149061,5434000000.0,7130000000.0,502000000.0,52000000.0,3271000000.0,11781000000.0,-2307000000.0,0.0,4.2936,18.1166,4.2309,6.1069,0.195681,-24452000000.0,-1282000000.0,3065000000.0,0.132106,-1500000000.0,-2888000000.0,,18051000000.0,0.252145,-0.007741,-2.059589,0.114779,0.207064,0.207064,2.266653,2.26614,18138000000.0,1151000000.0,0.04961,5248000000.0,82891000000.0,0.04608,7.5914,0.770014,MSFT,169656000000.0,1.1389e+11,90170000000.0,8273000000.0,112439000000.0,44694000000.0,90170000000.0,90170000000.0,14928000000.0,79486000000.0,169656000000.0,43988000000.0,34792000000.0,9084000000.0,5844000000.0,52000000.0,5896000000.0,23201000000.0,8254500000.0,8249000000.0,8351000000.0
6932000000.0,16186000000.0,-2794000000.0,3383000000.0,5.1938,5.8098,0.5692,0.848029,5082.072857142857,4680.105,0.71,0.71,11.0738,1490000000.0,6426000000.0,0.31,13.3359,41.2936314320409,41.6115098283917,0.0,68765000000.0,0.764467,1.8555,0.382924,0.953235,19192000000.0,1701000000.0,711000000.0,3479000000.0,430000000.0,2015-06-30,28308000000.0,0.852,0.3081,0.235533,1521000000.0,1521000000.0,-11254000000.0,78995000000.0,0.71,20.7863,0.026138,0.458767,70.2756,62.8252,0.053646,7850000000.0,9371000000.0,0.025386,0.354023,0.279492,-0.003554,0.296562,0.331411,-34000000.0,0.253121,3.1078965e+11,-0.089744,0.314815,11.3926,9.3538,24.3329,17.9928,15.1454,9.5399,3.3255,7.4248,-1.399746,-0.439325,-0.8486,-1940269044.6,21855000000.0,0.617076,243000000.0,1987000000.0,-3476000000.0,7299000000.0,1.0,17273000000.0,0.813438,7748000000.0,0.606193,6.9748,17.5596,121000000.0,5083000000.0,1.8555,18260000000.0,12665000000.0,18260000000.0,0.15193,0.1987,385395650000.0,4315000000.0,534000000.0,-4716000000.0,4340000000.0,534000000.0,-4716000000.0,4340000000.0,124000000.0,-74606000000.0,5863000000.0,5863000000.0,-0.105977,0.29141,5863000000.0,2053000000.0,-55269044.6,-74606000000.0,13607000000.0,0.000736,432000000.0,0.0,0.0,2051000000.0,,2820000000.0,5807730955.4,-0.124518,0.219408,0.290619,68947000000.0,-0.016542,-0.480488,2.912752,10136000000.0,0.293767,26470000000.0,0.323309,0.168796,6173000000.0,6623000000.0,22000000.0,74000000.0,3060000000.0,12423000000.0,-2547000000.0,0.0,4.1946,18.6407,4.1238,6.1442,0.221496,-18929000000.0,-1490000000.0,2903000000.0,0.109671,,-2145000000.0,,19731000000.0,0.079571,0.140899,-1.297991,0.12607,0.232347,0.232347,1.530338,1.529602,18497000000.0,1097000000.0,0.041443,10048000000.0,83823000000.0,0.083603,7.56,0.746879,MSFT,174848000000.0,1.20187e+11,91879000000.0,10136000000.0,116362000000.0,47415000000.0,91879000000.0,91879000000.0,16334000000.0,82969000000.0,174848000000.0,44879000000.0,35554000000.0,8558000000.0,7776000000.0,74000000.0,7850000000.0,26470000000.0,8257700000.0,8228000000.0,8297000000.0
6690000000.0,12427000000.0,-162000000.0,3471000000.0,5.8907,7.3123,0.5696,1.05145,4680.105,5035.83,0.61,0.61,10.9423,1391000000.0,7414000000.0,0.31,12.0781,41.6115098283917,52.585894742067,0.0,68475000000.0,0.738787,1.8743,0.32956,1.141976,18232000000.0,1688000000.0,758000000.0,3902000000.0,96000000.0,2015-09-30,31868000000.0,0.9644,0.3536,0.261213,1515000000.0,1515000000.0,-13564000000.0,81874000000.0,0.61,24.1241,0.029653,0.48475,61.9619,49.9159,0.059724,6517000000.0,8032000000.0,-0.021919,0.369644,-0.142888,-0.063246,0.299922,-0.169809,-36000000.0,0.235077,2.59286235e+11,-0.102941,-0.140845,9.6604,7.8462,21.191,17.8289,13.0342,7.9526,2.7356,7.2502,-1.654121,-0.346772,-0.8793,-2613100966.7,21728000000.0,0.67044,190000000.0,1532000000.0,2515000000.0,6963000000.0,1.0,14543000000.0,1.111966,7657000000.0,-0.15805,8.8461,15.1301,146000000.0,4421000000.0,1.8743,27644000000.0,12019000000.0,27644000000.0,0.22659,0.3067,334875235000.0,3709000000.0,-3620000000.0,-5481000000.0,10125000000.0,-3620000000.0,-5481000000.0,10125000000.0,988000000.0,-75589000000.0,4985000000.0,4985000000.0,-0.119258,-0.149753,4985000000.0,2469000000.0,58899033.3,-75589000000.0,14375000000.0,-0.000755,1110000000.0,0.0,0.0,1966000000.0,,2919000000.0,5043899033.3,-0.111024,0.232128,-0.13152,77650000000.0,0.002575,1.332949,7.278936,7161000000.0,0.303465,21729000000.0,0.366975,0.170835,6376000000.0,6846000000.0,-524000000.0,-77000000.0,3200000000.0,13274000000.0,-2532000000.0,0.0,3.7154,16.7438,3.5331,5.4504,0.229417,-30552000000.0,-1391000000.0,2984000000.0,0.137328,,-5131000000.0,,18186000000.0,0.06499,-0.179108,-1.806271,0.130676,0.247163,0.247163,2.053433,2.054188,26624000000.0,1091000000.0,0.050209,4224000000.0,88024000000.0,0.034623,7.4591,0.764923,MSFT,176683000000.0,1.22e+11,90132000000.0,7161000000.0,118398000000.0,40748000000.0,90132000000.0,90132000000.0,14568000000.0,86551000000.0,176683000000.0,43910000000.0,45803000000.0,7974000000.0,6594000000.0,-77000000.0,6517000000.0,21729000000.0,8172100000.0,8167000000.0,8237000000.0
6591000000.0,17908000000.0,-626000000.0,2522000000.0,4.712,4.9973,0.5396,1.994997,5035.83,4815.68,-0.38,-0.38,9.7023,1781000000.0,5595000000.0,0.31,26.3009,52.585894742067,52.7178069038699,0.0,68465000000.0,0.694111,2.0419,0.3367,1.828008,23223000000.0,,606000000.0,5096000000.0,92000000.0,2015-12-31,35292000000.0,1.4426,0.4407,0.305889,1493000000.0,1493000000.0,-15892000000.0,80634000000.0,-0.38,30.7242,0.02713,0.810465,77.4622,73.039,0.033459,-1756000000.0,-263000000.0,-1.031614,-0.011858,-1.032744,-1.266991,-0.07917,-1.269449,3000000.0,-0.819476,2.911271e+11,-1.690909,-1.622951,15.7306,11.9002,16.8359,42.838,24.3315,9.8128,3.111,6.7464,2.769215,1.609091,-0.8886,1591615603.6,16939000000.0,0.6633,8438000000.0,1439000000.0,663000000.0,4835000000.0,1.0,6796000000.0,-0.439413,-5327000000.0,-0.532696,9.8927,11.8799,151000000.0,3020000000.0,2.0419,27808000000.0,12053000000.0,27808000000.0,0.241023,0.3472,364414100000.0,3961000000.0,-3604000000.0,-5067000000.0,6849000000.0,-3604000000.0,-5067000000.0,6849000000.0,-1819000000.0,-73287000000.0,-3195000000.0,-3195000000.0,-1.692758,-1.640923,-3195000000.0,2902000000.0,-540384396.4,-73287000000.0,14731000000.0,0.00716,7888000000.0,0.0,0.0,2095000000.0,,1295000000.0,-3735384396.4,-1.821798,-0.168412,-1.740575,73150000000.0,-0.300051,-0.323556,3.845592,7468000000.0,-0.092561,22180000000.0,0.755861,-0.04272,5461000000.0,6555000000.0,,297000000.0,3117000000.0,13544000000.0,-2496000000.0,0.0,4.5505,29.8872,3.8941,6.2497,-0.144049,-25262000000.0,-1781000000.0,3094000000.0,0.139495,,-4279000000.0,,9096000000.0,-0.051407,0.020756,1.486858,-0.077727,-0.179195,-0.179195,-1.666052,-1.673212,22602000000.0,1272000000.0,0.057349,7484000000.0,90931000000.0,0.064867,7.0643,1.819476,MSFT,174472000000.0,1.15375e+11,80083000000.0,7468000000.0,122797000000.0,49647000000.0,80083000000.0,80083000000.0,14712000000.0,94389000000.0,174472000000.0,36944000000.0,44742000000.0,16765000000.0,-2053000000.0,297000000.0,-1756000000.0,22180000000.0,8183200000.0,8177000000.0,8254000000.0
6630000000.0,11444000000.0,-390000000.0,1738000000.0,4.7723,7.4603,0.5299,2.099721,4815.68,4782.282222222221,0.61,0.61,9.58,1356000000.0,5431000000.0,0.36,12.1541,52.7178069038699,49.1905952439264,0.0,68093000000.0,0.66756,2.0437,0.353648,2.263858,21603000000.0,1447000000.0,607000000.0,3450000000.0,154000000.0,2016-03-31,38567000000.0,1.5994,0.498,0.33244,1461000000.0,1461000000.0,-16350000000.0,83005000000.0,0.61,39.7114,0.014182,0.800478,76.4831,48.9258,0.035137,5513000000.0,6974000000.0,-0.047788,0.342215,27.51711,-0.064959,0.270524,4.139522,-44000000.0,0.110829,2.850868e+11,0.12963,2.605263,15.7298,11.8225,15.7678,54.6248,22.7246,9.4431,3.1412,6.4197,8.927037,5.713912,-0.9047,10685967894.1,17142000000.0,0.646352,,611000000.0,1738000000.0,4745000000.0,1.0,5219000000.0,-0.514692,-5535000000.0,-0.232048,11.3639,9.1913,219000000.0,5011000000.0,2.0437,27819000000.0,11438000000.0,27819000000.0,0.239794,0.3592,357312800000.0,3333000000.0,-3930000000.0,-5066000000.0,8876000000.0,-3930000000.0,-5066000000.0,8876000000.0,-164000000.0,-72226000000.0,4902000000.0,4902000000.0,0.079736,2.534272,4902000000.0,3816000000.0,248967894.1,-72226000000.0,15046000000.0,-0.003284,775000000.0,0.0,0.0,2784000000.0,,2169000000.0,5150967894.1,0.14467,0.252759,2.378966,72257000000.0,0.062485,0.295956,6.545723,7207000000.0,0.284263,20379000000.0,0.362088,0.143349,5594000000.0,6207000000.0,,-280000000.0,2869000000.0,13280000000.0,-2475000000.0,0.0,4.6138,28.4598,3.937,6.4313,0.240542,-37570000000.0,-1356000000.0,2962000000.0,0.145346,-1928000000.0,-4757000000.0,,7614000000.0,-0.121633,-0.081199,-2.60158,0.127461,0.27075,0.27075,2.87233,2.875614,34250000000.0,1084000000.0,0.053192,10748000000.0,93924000000.0,0.092646,6.8726,0.889171,MSFT,172896000000.0,1.16012e+11,77445000000.0,7207000000.0,121656000000.0,49399000000.0,77445000000.0,77445000000.0,13172000000.0,95451000000.0,172896000000.0,36194000000.0,46052000000.0,7379000000.0,5793000000.0,-280000000.0,5513000000.0,20379000000.0,8036100000.0,7996000000.0,8084000000.0
6936000000.0,14507000000.0,-381000000.0,1773000000.0,4.5728,5.7397,0.4963,2.409564,4782.282222222221,5293.855555555556,0.63,0.63,9.5367,2024000000.0,7185000000.0,0.36,11.1412,49.1905952439264,55.718902246519,0.0,68279000000.0,0.633451,2.1045,0.41486,1.816484,20929000000.0,1618000000.0,493000000.0,3649000000.0,439000000.0,2016-06-30,44429000000.0,2.0065,0.5787,0.366549,1544000000.0,1544000000.0,-13721000000.0,88919000000.0,0.62,27.3681,0.012744,0.885653,79.8193,63.5924,0.026216,5855000000.0,7399000000.0,-0.210436,0.310935,0.060941,-0.25414,0.24605,0.062035,-18000000.0,0.142955,3.7694448e+11,-0.126761,0.016393,23.3706,17.024,17.0596,53.4294,31.7354,11.9787,4.2794,5.9929,8.928052,0.43951,-0.8558,15382554739.5,17436000000.0,0.58514,,837000000.0,-1652000000.0,4619000000.0,1.0,7055000000.0,-0.591559,-10218000000.0,0.351792,7.2414,13.3367,117000000.0,8238000000.0,2.1045,40679000000.0,11514000000.0,40679000000.0,0.33561,0.5298,446669480000.0,3960000000.0,-518000000.0,-3328000000.0,5618000000.0,-518000000.0,-3328000000.0,5618000000.0,1754000000.0,-69725000000.0,5018000000.0,5018000000.0,-0.144124,0.023664,5018000000.0,2702000000.0,146554739.5,-69725000000.0,15789000000.0,-0.002031,708000000.0,0.0,0.0,4102000000.0,,2194000000.0,5164554739.5,-0.110745,0.217035,0.002638,85169000000.0,0.29447,-0.367057,2.775692,9872000000.0,0.253236,23796000000.0,0.331905,0.12212,6345000000.0,6447000000.0,,-171000000.0,2928000000.0,13700000000.0,-2868000000.0,0.0,5.8175,38.1443,5.0709,8.1621,0.210876,-34750000000.0,-2024000000.0,2900000000.0,0.121869,-2327000000.0,-3678000000.0,,6728000000.0,-0.10102,0.167673,-1.346668,0.104663,0.224959,0.224959,1.571627,1.573658,33827000000.0,1038000000.0,0.043621,3750000000.0,95455000000.0,0.030938,6.7973,0.857045,MSFT,180098000000.0,1.21209e+11,76780000000.0,9872000000.0,127812000000.0,42643000000.0,76780000000.0,76780000000.0,13924000000.0,103318000000.0,180098000000.0,36497000000.0,60675000000.0,7898000000.0,6026000000.0,-171000000.0,5855000000.0,23796000000.0,7965100000.0,7964000000.0,8051000000.0
6759000000.0,12247000000.0,-559000000.0,1840000000.0,4.7987,7.0427,0.4846,2.600134,5293.855555555556,5446.107142857143,0.48,0.48,9.3683,2308000000.0,7170000000.0,0.36,3.5845,55.718902246519,60.5088540848534,0.0,68012000000.0,0.617211,2.1739,0.376114,2.222709,20876000000.0,1574000000.0,685000000.0,4276000000.0,373000000.0,2016-09-30,46394000000.0,2.2248,0.6202,0.382789,1707000000.0,1707000000.0,-15987000000.0,89565000000.0,0.47,27.8198,0.019541,1.019082,76.0619,51.8266,0.023766,5036000000.0,6743000000.0,-0.160483,0.32843,-0.088661,-0.227252,0.245288,-0.13988,17000000.0,0.25417,3.7053855e+11,-0.229508,-0.241935,25.2962,17.7691,17.6633,85.5155,34.4113,11.6852,4.2647,5.5685,6.415106,-0.080112,-0.8856,14150220015.9,17948000000.0,0.623886,,1280000000.0,4167000000.0,4459000000.0,1.0,4333000000.0,-0.702056,-10210000000.0,-0.385826,9.206,13.1201,159000000.0,506000000.0,2.1739,40896000000.0,11315000000.0,40896000000.0,0.337426,0.5467,441011550000.0,3406000000.0,-4916000000.0,-5483000000.0,10367000000.0,-4916000000.0,-5483000000.0,10367000000.0,-15000000.0,-70473000000.0,3756000000.0,3756000000.0,-0.24654,-0.251495,3756000000.0,2450000000.0,184220015.9,-70473000000.0,16831000000.0,-0.002522,737000000.0,0.0,0.0,5017000000.0,,2674000000.0,3940220015.9,-0.218815,0.191916,-0.237065,84067000000.0,0.023901,0.845319,4.491768,7722000000.0,0.257318,20531000000.0,0.366568,0.118878,6598000000.0,5887000000.0,,-247000000.0,2895000000.0,14122000000.0,-2842000000.0,0.0,5.8954,42.0772,5.0757,8.4164,0.182943,-27341000000.0,-2308000000.0,2980000000.0,0.145146,1118000000.0,-3857000000.0,,4954000000.0,-0.055134,-0.137208,-1.56681,0.088663,0.199961,0.199961,1.766771,1.769293,24725000000.0,1140000000.0,0.055526,5498000000.0,98382000000.0,0.045363,6.5622,0.74583,MSFT,181869000000.0,1.212e+11,74806000000.0,7722000000.0,128421000000.0,44354000000.0,74806000000.0,74806000000.0,12809000000.0,107063000000.0,181869000000.0,36617000000.0,62709000000.0,7526000000.0,5283000000.0,-247000000.0,5036000000.0,20531000000.0,7825000000.0,7895000000.0,7985000000.0
6898000000.0,18277000000.0,-63000000.0,1537000000.0,4.8603,4.7158,0.4638,1.605846,5446.107142857143,5855.671111111111,0.4,0.4,8.985,2655000000.0,6510000000.0,0.36,30.9899,60.5088540848534,64.5185555282298,0.0,68178000000.0,0.573873,2.4194,0.387067,5.166856,27468000000.0,,580000000.0,5264000000.0,294000000.0,2016-12-31,53461000000.0,2.0271,0.7425,0.426127,1910000000.0,1910000000.0,-20033000000.0,93207000000.0,0.4,28.6889,0.028265,0.655197,75.0989,77.3999,0.040968,3347000000.0,5257000000.0,20.988593,0.255021,-0.220377,2.906036,0.162365,-0.335385,-22000000.0,0.067224,3.3981521e+11,2.052632,-0.148936,17.205,12.885,15.3252,190.1596,19.7975,10.197,3.9828,5.1573,3.952169,-0.44298,-0.9436,7881948909.5,17872000000.0,0.612933,1110000000.0,225000000.0,2577000000.0,3733000000.0,1.0,1787000000.0,-0.737051,-5009000000.0,-0.587584,19.8812,12.7227,173000000.0,7324000000.0,2.4194,40557000000.0,10431000000.0,40557000000.0,0.323272,0.5633,410025210000.0,3998000000.0,971000000.0,-10073000000.0,8464000000.0,971000000.0,-10073000000.0,8464000000.0,-660000000.0,-70210000000.0,3122000000.0,3122000000.0,1.977152,-0.168797,3122000000.0,2251000000.0,-249051090.5,-70210000000.0,18356000000.0,0.003471,855000000.0,0.0,0.0,6441000000.0,,1476000000.0,2872948909.5,1.769117,0.139369,-0.270866,80303000000.0,0.235801,-0.183563,3.187947,7979000000.0,0.149413,20614000000.0,0.46352,0.0753,5892000000.0,5949000000.0,,267000000.0,3416000000.0,13640000000.0,-2821000000.0,0.0,5.695,24.4092,4.8057,8.1367,0.15145,-30097000000.0,-2655000000.0,3146000000.0,0.152615,-28000000.0,-3677000000.0,,2282000000.0,-0.070604,0.004043,-2.611161,0.070238,0.159653,0.159653,2.770814,2.767343,22742000000.0,1301000000.0,0.063112,12904000000.0,106730000000.0,0.102855,6.2888,0.932776,MSFT,193468000000.0,1.25458e+11,71997000000.0,7979000000.0,139660000000.0,59357000000.0,71997000000.0,71997000000.0,12635000000.0,121471000000.0,193468000000.0,35452000000.0,62114000000.0,9555000000.0,3080000000.0,267000000.0,3347000000.0,20614000000.0,7923600000.0,7925000000.0,8013000000.0
6296000000.0,11129000000.0,-24000000.0,1681000000.0,5.1705,7.6967,0.4508,1.531914,5855.671111111111,6204.096666666666,0.73,0.73,8.935,2163000000.0,13928000000.0,0.39,14.7206,64.5185555282298,67.9054397438401,0.0,67747000000.0,0.485117,2.6074,0.357716,nm,26304000000.0,,720000000.0,3621000000.0,210000000.0,2017-03-31,74690000000.0,2.6635,1.0614,0.514883,1816000000.0,1816000000.0,-23297000000.0,1.13635e+11,0.72,37.8904,0.031417,0.645163,70.5927,47.4228,0.038714,6827000000.0,8643000000.0,0.239317,0.394154,0.644094,0.238346,0.311337,1.039737,10000000.0,0.169914,3.809296e+11,0.180328,0.8,18.0835,13.5843,15.134,nm,21.6492,10.582,4.3851,5.0697,0.230495,0.668246,-0.9806,13149030320.8,17907000000.0,0.642284,,1160000000.0,3674000000.0,3522000000.0,1.0,-2356000000.0,-1.451427,-7575000000.0,-2.318411,60.6839,9.633,241000000.0,24977000000.0,2.6074,60154000000.0,10486000000.0,60154000000.0,0.414678,0.8548,453657600000.0,3218000000.0,14329000000.0,-18470000000.0,11549000000.0,14329000000.0,-18470000000.0,11549000000.0,7418000000.0,-72728000000.0,5667000000.0,5667000000.0,0.156059,0.815183,5667000000.0,3122000000.0,-92969679.2,-72728000000.0,19224000000.0,0.001283,392000000.0,0.0,0.0,7284000000.0,,1564000000.0,5574030320.8,0.082133,0.254197,0.940177,99099000000.0,0.301149,0.364485,5.339344,7844000000.0,0.306229,21928000000.0,0.336054,0.140343,6726000000.0,7123000000.0,,112000000.0,3476000000.0,14340000000.0,-2800000000.0,0.0,6.4466,25.8303,5.2223,9.2691,0.258437,-57265000000.0,-2163000000.0,3106000000.0,0.141645,-3727000000.0,-4362000000.0,,944000000.0,0.07601,0.063743,-15.12563,0.116497,0.30003,0.30003,15.425661,15.424378,40982000000.0,1045000000.0,0.047656,14536000000.0,123004000000.0,0.100205,6.2142,0.830086,MSFT,212524000000.0,1.45062e+11,70372000000.0,7844000000.0,157909000000.0,58810000000.0,70372000000.0,70372000000.0,14084000000.0,142152000000.0,212524000000.0,35391000000.0,83342000000.0,7369000000.0,6715000000.0,112000000.0,6827000000.0,21928000000.0,7763000000.0,7789000000.0,7876000000.0
6580000000.0,14343000000.0,-24760000000.0,512000000.0,4.9491,6.1628,0.4393,1.434297,6204.096666666666,6432.38375,0.81,0.81,8.7879,1988000000.0,8468000000.0,0.39,10.919,67.9054397438401,73.7736642599107,0.0,68177000000.0,0.447454,2.7798,0.383373,0.245659,26085000000.0,,508000000.0,3982000000.0,1280000000.0,2017-06-30,84970000000.0,2.756,1.2349,0.552546,2166000000.0,2166000000.0,-22955000000.0,99826000000.0,0.8,25.4439,0.028926,0.610621,73.7508,59.2259,0.038664,8022000000.0,10188000000.0,0.376943,0.394486,0.178757,0.370111,0.310617,0.17504,-18000000.0,0.218773,4.398332e+11,0.290323,0.111111,18.9322,14.2659,122.8799,19.9146,23.6338,11.9934,4.9476,4.7836,-1.575678,-1.673464,-0.7998,-8855403515.3,34524000000.0,0.616627,,1755000000.0,-2255000000.0,11001000000.0,1.0,22086000000.0,2.130546,15031000000.0,10.374363,6.1013,14.3453,131000000.0,17269000000.0,2.7798,59306000000.0,8912000000.0,59306000000.0,0.385657,0.8619,486556200000.0,4079000000.0,3016000000.0,-14751000000.0,6293000000.0,3016000000.0,-14751000000.0,6293000000.0,-5460000000.0,-46723000000.0,6267000000.0,6267000000.0,0.248904,0.105876,6267000000.0,1961000000.0,-91403515.3,-46723000000.0,21379000000.0,0.00157,115000000.0,0.0,0.0,8595000000.0,,1133000000.0,6175596484.7,0.195766,0.239123,0.107923,74162000000.0,0.12015,-0.455104,3.165493,9901000000.0,0.306087,25826000000.0,0.31054,0.136462,5864000000.0,6688000000.0,,117000000.0,3845000000.0,15980000000.0,-3024000000.0,0.0,7.0711,25.8641,5.4731,20.8966,0.242662,-46691000000.0,-1988000000.0,3062000000.0,0.118563,-7761000000.0,-3599000000.0,,120000000.0,0.085308,0.177764,-1.165682,0.106607,0.293281,0.293281,1.458963,1.457393,58688000000.0,879000000.0,0.034035,25664000000.0,114313000000.0,0.166889,2.9737,0.781227,MSFT,224610000000.0,1.53779e+11,68809000000.0,9901000000.0,144949000000.0,70787000000.0,68809000000.0,68809000000.0,15925000000.0,155801000000.0,224610000000.0,58282000000.0,85014000000.0,8020000000.0,7905000000.0,117000000.0,8022000000.0,25826000000.0,7737000000.0,7755000000.0,7830000000.0
6217000000.0,12882000000.0,-802000000.0,644000000.0,5.2072,7.1995,0.4446,1.27698,6432.38375,6942.41,0.62,0.62,8.9247,1695000000.0,6713000000.0,0.39,4.5274,73.7736642599107,85.1461953304834,0.0,68554000000.0,0.45356,2.8151,0.364871,0.257659,26518000000.0,,654000000.0,4604000000.0,201000000.0,2017-09-30,84008000000.0,2.5883,1.2048,0.54644,2453000000.0,2453000000.0,-23924000000.0,1.02094e+11,0.61,23.9253,0.022787,0.587047,70.0959,50.698,0.03859,5916000000.0,8369000000.0,0.241139,0.378859,-0.178543,0.174742,0.267813,-0.262528,12000000.0,0.188472,4.6517318e+11,0.297872,-0.2375,19.2922,14.332,146.3568,22.8721,24.2488,12.5838,5.1424,4.6636,-1.810257,-0.294725,-0.8293,-11465312035.2,34668000000.0,0.635129,,1115000000.0,5157000000.0,10547000000.0,1.0,20338000000.0,3.693746,16005000000.0,-0.079145,7.3331,15.2558,179000000.0,347000000.0,2.8151,76222000000.0,7381000000.0,76222000000.0,0.495795,1.0931,514564180000.0,3879000000.0,-6236000000.0,-6191000000.0,10660000000.0,-6236000000.0,-6191000000.0,10660000000.0,-1755000000.0,-49391000000.0,2757000000.0,2757000000.0,0.278222,-0.233924,4801000000.0,1979000000.0,-261312035.2,-49391000000.0,21962000000.0,0.00436,293000000.0,0.0,0.0,9215000000.0,,465000000.0,4539687964.8,0.152141,0.205509,-0.264899,94308000000.0,0.028263,0.693946,6.289086,8060000000.0,0.253237,22090000000.0,0.381892,0.119079,5434000000.0,6025000000.0,,322000000.0,4146000000.0,17381000000.0,-3012000000.0,0.0,7.3795,25.9135,5.6884,20.9906,0.217338,-44012000000.0,-1695000000.0,3355000000.0,0.151879,-1688000000.0,-2062000000.0,,531000000.0,0.075934,-0.14466,-1.246172,0.096636,0.260853,0.260853,1.507025,1.502665,40318000000.0,1202000000.0,0.054414,7786000000.0,119305000000.0,0.050645,3.1376,0.811528,MSFT,225017000000.0,1.53737e+11,69729000000.0,8060000000.0,146313000000.0,52005000000.0,69729000000.0,69729000000.0,14030000000.0,155288000000.0,225017000000.0,56742000000.0,103283000000.0,8436000000.0,5594000000.0,322000000.0,5916000000.0,22090000000.0,7743500000.0,7725000000.0,7813000000.0
7390000000.0,22431000000.0,-358000000.0,627000000.0,4.7958,4.4193,0.4054,1.114554,6942.41,7106.665714285715,0.58,0.58,11.1991,2283000000.0,7663000000.0,0.39,30.0922,85.1461953304834,91.27,0.0,69315000000.0,0.504362,2.7787,0.420571,-0.690354,24013000000.0,,718000000.0,5819000000.0,97000000.0,2017-12-31,86194000000.0,2.6997,0.9827,0.495638,2343000000.0,2343000000.0,-15909000000.0,1.17072e+11,0.58,23.6082,0.02209,0.558621,76.1087,82.5927,0.039277,2384000000.0,4727000000.0,-0.100818,0.235104,-0.435177,-0.28772,0.118572,-0.597025,15000000.0,-0.874581,4.8704976e+11,0.45,-0.04918,21.0398,15.2551,nm,13.9552,23.8164,12.3282,5.4147,4.2742,-4.698944,-1.542878,-0.7703,-29154885906.0,35122000000.0,0.579429,306000000.0,-2085000000.0,1756000000.0,10106000000.0,1.0,34901000000.0,18.530498,33114000000.0,0.716049,4.9035,15.4607,221000000.0,1751000000.0,2.7787,76073000000.0,6023000000.0,76073000000.0,0.43744,0.8673,539859760000.0,4363000000.0,-2701000000.0,-7369000000.0,11005000000.0,-2701000000.0,-7369000000.0,11005000000.0,950000000.0,-52810000000.0,6513000000.0,6513000000.0,0.431454,-0.069152,4469000000.0,2181000000.0,-509885906.0,-52810000000.0,23734000000.0,0.008289,393000000.0,0.0,0.0,16128000000.0,,5734000000.0,3959114094.0,0.378066,0.196912,-0.127888,1.06951e+11,0.300213,0.032364,4.820412,8456000000.0,0.105043,20106000000.0,0.474386,0.048067,5103000000.0,7587000000.0,,272000000.0,12631000000.0,8921000000.0,-3009000000.0,0.0,6.155,25.4603,6.0018,12.7077,0.222272,-29134000000.0,-2283000000.0,3514000000.0,0.174774,101000000.0,-1765000000.0,,17769000000.0,-0.024643,-0.089814,-0.737367,0.090105,0.228193,0.228193,0.96556,0.957271,24406000000.0,1355000000.0,0.067393,10121000000.0,125318000000.0,0.058198,5.4243,1.874581,MSFT,250312000000.0,1.73905e+11,87711000000.0,8456000000.0,162696000000.0,55745000000.0,87711000000.0,87711000000.0,11650000000.0,162601000000.0,250312000000.0,63882000000.0,106856000000.0,9538000000.0,2112000000.0,272000000.0,2384000000.0,20106000000.0,7738700000.0,7746000000.0,7832000000.0
