accountspayable,accountsreceivable,accruedexpenses,acquisitions,aoci,apturnover,arturnover,assetturnover,augmentedpayoutratio,baseline_price,baseline_price_next_quarter,basicdilutedeps,basiceps,bookvaluepershare,capex,cashandequivalents,cashdividendspershare,cashincometaxespaid,cashinterestpaid,ccc,close_price,close_price_next_quarter,commitmentsandcontingencies,commonequity,commontocap,compoundleveragefactor,costofrevtorevenue,croic,currentdeferredrevenue,currentdeferredtaxassets,date,debt,debttoebitda,debttoequity,debttototalcapital,depreciationandamortization,depreciationexpense,dfcfnwc,dfnwc,dilutedeps,dio,dividendyield,divpayoutratio,dpo,dso,earningsyield,ebit,ebitda,ebitdagrowth,ebitdamargin,ebitdaqoqgrowth,ebitgrowth,ebitmargin,ebitqoqgrowth,efftaxrate,enterprisevalue,epsgrowth,epsqoqgrowth,evtoebit,evtoebitda,evtofcff,evtoinvestedcapital,evtonopat,evtoocf,evtorevenue,faturnover,fcffgrowth,fcffqoqgrowth,finleverage,freecashflow,goodwill,grossmargin,incometaxexpense,increasedecreaseinoperatingcapital,intangibleassets,interestburdenpct,investedcapital,investedcapitalgrowth,investedcapitalincreasedecrease,investedcapitalqoqgrowth,investedcapitalturnover,invturnover,issuanceofcommonequity,issuanceofdebt,leverageratio,longtermdebt,longterminvestments,ltdebtandcapleases,ltdebttocap,ltdebttoequity,marketcap,netcashfromcontinuingfinancingactivities,netcashfromcontinuinginvestingactivities,netcashfromcontinuingoperatingactivities,netcashfromfinancingactivities,netcashfrominvestingactivities,netcashfromoperatingactivities,netchangeincash,netdebt,netincome,netincomecontinuing,netincomegrowth,netincomeqoqgrowth,netincometocommon,netinventory,netnonopex,netnonopobligations,netppe,nnep,noncashadjustmentstonetincome,noncontrolinttocap,noncontrollinginterestsharingratio,noncurrentdeferredrevenue,nopat,nopatgrowth,nopatmargin,nopatqoqgrowth,notereceivable,nwc,ocfgrowth,ocfqoqgrowth,ocftocapex,operatingcostofrevenue,operatingmargin,operatingrevenue,opextorevenue,oroa,othercurrentassets,otherfinancingactivitiesnet,otherincome,otherinvestingactivitiesnet,othernoncurrentassets,othernoncurrentliabilities,paymentofdividends,preferredtocap,pricetobook,pricetoearnings,pricetorevenue,pricetotangiblebook,profitmargin,purchaseofinvestments,purchaseofplantpropertyandequipment,rdexpense,rdextorevenue,repaymentofdebt,repurchaseofcommonequity,retainedearnings,revenuegrowth,revenueqoqgrowth,rnnoa,roa,roce,roe,roic,roicnnepspread,saleofinvestments,sgaexpense,sgaextorevenue,shorttermdebt,shortterminvestments,stdebttocap,tangbookvaluepershare,taxburdenpct,ticker,totalassets,totalcapital,totalcommonequity,totalcostofrevenue,totalcurrentassets,totalcurrentliabilities,totalequity,totalequityandnoncontrollinginterests,totalgrossprofit,totalliabilities,totalliabilitiesandequity,totalnoncurrentassets,totalnoncurrentliabilities,totaloperatingexpenses,totaloperatingincome,totalotherincome,totalpretaxincome,totalrevenue,weightedavebasicdilutedsharesos,weightedavebasicsharesos,weightedavedilutedsharesos
,,,-14000000.0,,nm,nm,nm,nm,1537.69,1810.0442857142855,2.54,2.54,nm,339000000.0,,,550000000.0,,nm,13.4068509539522,18.165313749728,,,nm,nm,0.620623,nm,,,2009-03-31,nm,nm,nm,nm,168000000.0,168000000.0,nm,nm,2.5,nm,0.0,nm,nm,nm,nm,3259000000.0,3427000000.0,nm,0.288468,nm,nm,0.274327,nm,0.30807,nm,nm,nm,nm,nm,nm,nm,nm,nm,nm,nm,nm,nm,nm,nm,,0.379377,1004000000.0,1338000000.0,,1.0,nm,nm,nm,nm,nm,nm,77000000.0,,nm,,,nm,nm,nm,1409432013.1,62000000.0,-8639000000.0,3938000000.0,62000000.0,-8639000000.0,3938000000.0,-4639000000.0,nm,2255000000.0,2255000000.0,nm,nm,2255000000.0,,-109324946.3,nm,,nm,177000000.0,nm,nm,,2145675053.7,nm,0.180612,nm,,nm,nm,-0.08312,11.616519,7373000000.0,0.261027,11880000000.0,0.11835,nm,,-15000000.0,158000000.0,-60000000.0,,,,nm,nm,nm,nm,nm,0.189815,-13120000000.0,-339000000.0,315000000.0,0.026515,,,,nm,nm,nm,nm,nm,nm,nm,nm,4894000000.0,1091000000.0,0.091835,,,nm,nm,0.69193,AAPL,,nm,,7373000000.0,,,,,4507000000.0,,,,,1406000000.0,3101000000.0,158000000.0,3259000000.0,11880000000.0,887800000.0,889142000.0,901494000.0
,,,-16000000.0,,nm,nm,nm,nm,1810.0442857142855,2123.9362499999997,1.82,1.82,nm,100000000.0,,,1278000000.0,,nm,18.165313749728,23.6392677351126,,,nm,nm,0.600727,nm,,,2009-06-30,nm,nm,nm,nm,181000000.0,181000000.0,nm,nm,1.79,nm,0.0,nm,nm,nm,nm,2386000000.0,2567000000.0,nm,0.282585,-0.250948,nm,0.26266,-0.267874,0.321039,nm,nm,-0.284,nm,nm,nm,nm,nm,nm,nm,nm,nm,nm,nm,nm,,0.399273,766000000.0,-1142000000.0,,1.0,nm,nm,nm,nm,nm,nm,45000000.0,,nm,,,nm,nm,nm,1757932920.8,74000000.0,-3685000000.0,841000000.0,74000000.0,-3685000000.0,841000000.0,-2770000000.0,nm,1620000000.0,1620000000.0,nm,-0.281596,1620000000.0,,-42774518.0,nm,,nm,182000000.0,nm,nm,,1577225482.0,nm,0.173627,-0.264928,,nm,nm,-0.78644,8.41,5457000000.0,0.255724,9084000000.0,0.143549,nm,,29000000.0,63000000.0,5000000.0,,,,nm,nm,nm,nm,nm,0.178336,-10417000000.0,-100000000.0,319000000.0,0.035117,,,,nm,-0.235354,nm,nm,nm,nm,nm,nm,6843000000.0,985000000.0,0.108432,,,nm,nm,0.678961,AAPL,,nm,,5457000000.0,,,,,3627000000.0,,,,,1304000000.0,2323000000.0,63000000.0,2386000000.0,9084000000.0,890100000.0,891180000.0,902993000.0
4854000000.0,2686000000.0,3338000000.0,-26000000.0,53000000.0,nm,nm,nm,nm,2123.9362499999997,2273.19625,2.05,2.05,28.4746,246000000.0,5605000000.0,,662000000.0,,nm,23.6392677351126,26.8764508678486,0.0,7957000000.0,1.0,1.8595,0.590816,nm,8469000000.0,1731000000.0,2009-09-30,0.0,0.0,0.0,0.0,182000000.0,182000000.0,-5713000000.0,18509000000.0,2.01,nm,0.0,nm,nm,nm,nm,2692000000.0,2874000000.0,nm,0.295254,0.119595,0.782781,0.276556,0.128248,0.320951,-28761523403.1,0.689076,0.122905,nm,nm,nm,nm,nm,nm,nm,nm,nm,nm,-1.2021,nm,207000000.0,0.409184,864000000.0,71000000.0,259000000.0,1.0,-5233000000.0,nm,nm,nm,nm,nm,166000000.0,,1.8595,,6899000000.0,0.0,0.0,0.0,2359476596.9,208000000.0,-1339000000.0,2270000000.0,208000000.0,-1339000000.0,2270000000.0,1139000000.0,-31121000000.0,1828000000.0,1828000000.0,0.705224,0.128395,1828000000.0,380000000.0,-40742942.1,-31121000000.0,2653000000.0,0.001309,189000000.0,0.0,nm,3667000000.0,1787257057.9,0.808548,0.18361,0.133165,,18509000000.0,nm,1.699168,9.227642,5751000000.0,0.270392,9734000000.0,0.138792,nm,6151000000.0,42000000.0,60000000.0,-7000000.0,2952000000.0,1924000000.0,,0.0,0.0911,nm,nm,0.0928,0.187795,-11220000000.0,-246000000.0,341000000.0,0.035032,,,17878000000.0,0.304126,0.071554,nm,nm,nm,nm,nm,nm,10160000000.0,1010000000.0,0.10376,,18617000000.0,0.0,27.9621,0.679049,AAPL,48140000000.0,25888000000.0,25888000000.0,5751000000.0,35170000000.0,16661000000.0,25888000000.0,25888000000.0,3983000000.0,22252000000.0,48140000000.0,10317000000.0,5591000000.0,1351000000.0,2632000000.0,60000000.0,2692000000.0,9734000000.0,891700000.0,893712000.0,909160000.0
5601000000.0,3361000000.0,3852000000.0,-13000000.0,77000000.0,4.6188,14.8383,1.0256,0.0,2273.19625,2401.8687499999996,2.81,2.81,34.884,459000000.0,5263000000.0,,507000000.0,,-47.5758,26.8764508678486,29.9715560709547,,8210000000.0,1.0,1.5513,0.581797,nm,2053000000.0,1135000000.0,2009-12-31,0.0,0.0,0.0,0.0,203000000.0,203000000.0,-3415000000.0,20049000000.0,2.78,6.8501,0.0,0.0,79.0244,24.5985,0.390354,3729000000.0,3932000000.0,nm,0.32211,0.368128,nm,0.30548,0.385215,0.320998,-30978255239.6,nm,0.383085,nm,nm,nm,nm,nm,nm,nm,15.8643,nm,nm,-1.0743,nm,206000000.0,0.418203,1197000000.0,213000000.0,247000000.0,1.0,-2352000000.0,nm,nm,0.550545,-18.2419,53.2842,187000000.0,,1.5513,,10528000000.0,0.0,0.0,0.0,3013744760.4,319000000.0,-3771000000.0,3110000000.0,319000000.0,-3771000000.0,3110000000.0,-342000000.0,-33992000000.0,2532000000.0,2532000000.0,nm,0.38512,2532000000.0,455000000.0,-30555108.6,-33992000000.0,2954000000.0,0.000899,162000000.0,0.0,0.0,853000000.0,2501444891.4,nm,0.204919,0.3996,1696000000.0,20049000000.0,-0.275902,0.370044,6.775599,7102000000.0,0.301794,12207000000.0,0.116409,0.313286,1444000000.0,132000000.0,45000000.0,-113000000.0,2011000000.0,3502000000.0,,0.0,0.0953,0.366,0.0702,0.0966,0.207422,-11967000000.0,-459000000.0,358000000.0,0.029327,,,23353000000.0,nm,0.254058,nm,0.212722,0.305356,0.305356,nm,nm,8781000000.0,1063000000.0,0.087081,,18201000000.0,0.0,34.3846,0.679002,AAPL,47501000000.0,31640000000.0,31640000000.0,7102000000.0,31555000000.0,11506000000.0,31640000000.0,31640000000.0,5105000000.0,15861000000.0,47501000000.0,12992000000.0,4355000000.0,1421000000.0,3684000000.0,45000000.0,3729000000.0,12207000000.0,893200000.0,893016000.0,907005000.0
6511000000.0,3090000000.0,3996000000.0,-5000000.0,111000000.0,4.2362,15.1159,0.8661,0.0,2401.8687499999996,2213.88625,3.74,3.74,38.8874,376000000.0,7609000000.0,,980000000.0,,-54.3926,29.9715560709547,32.0797680788393,,8962000000.0,1.0,1.5077,0.591213,nm,2590000000.0,1180000000.0,2010-03-31,0.0,0.0,0.0,0.0,209000000.0,209000000.0,-4561000000.0,20235000000.0,3.67,7.6224,0.0,0.0,86.1618,24.1468,0.381616,4758000000.0,4967000000.0,0.449373,0.316712,0.263225,0.459957,0.303386,0.275945,0.290038,-36316854593.0,0.468,0.320144,nm,nm,nm,nm,nm,nm,nm,14.9945,nm,nm,-1.1133,nm,253000000.0,0.408787,1380000000.0,1989000000.0,241000000.0,1.0,-4052000000.0,nm,nm,-0.722789,-11.5271,47.8854,374000000.0,,1.5077,,15024000000.0,0.0,0.0,0.0,3503145407.0,523000000.0,-3958000000.0,5781000000.0,523000000.0,-3958000000.0,5781000000.0,2346000000.0,-39820000000.0,3378000000.0,3378000000.0,0.498004,0.334123,3378000000.0,576000000.0,-23428751.6,-39820000000.0,3115000000.0,0.000588,205000000.0,0.0,0.0,922000000.0,3354571248.4,0.563411,0.213899,0.341053,,20235000000.0,0.468004,0.858842,15.375,9272000000.0,0.301282,15683000000.0,0.107505,0.262778,3690000000.0,149000000.0,33000000.0,-70000000.0,1961000000.0,4139000000.0,,0.0,0.0979,0.3743,0.075,0.0993,0.215392,-12922000000.0,-376000000.0,398000000.0,0.025378,,,26695000000.0,0.320118,0.284755,nm,0.186562,0.261631,0.261631,nm,nm,9415000000.0,1288000000.0,0.082127,,17187000000.0,0.0,38.3504,0.709962,AAPL,53926000000.0,35768000000.0,35768000000.0,9272000000.0,33332000000.0,13097000000.0,35768000000.0,35768000000.0,6411000000.0,18158000000.0,53926000000.0,17479000000.0,5061000000.0,1686000000.0,4725000000.0,33000000.0,4758000000.0,15683000000.0,903200000.0,903542000.0,919783000.0
5666000000.0,2886000000.0,4021000000.0,-352000000.0,125000000.0,5.2946,17.7141,0.896,0.0,2213.88625,2360.2855555555557,3.39,3.39,42.6362,274000000.0,10018000000.0,,1164000000.0,,-40.571,32.0797680788393,36.1890597239719,,9553000000.0,1.0,1.4501,0.583302,nm,2542000000.0,1142000000.0,2010-06-30,0.0,0.0,0.0,0.0,216000000.0,216000000.0,-3048000000.0,20107000000.0,3.33,7.7626,0.0,0.0,68.9386,20.605,0.397829,4029000000.0,4245000000.0,0.653681,0.314468,-0.145359,0.6886,0.298467,-0.153216,0.237032,-37821498652.2,0.860335,-0.092643,nm,nm,nm,nm,nm,nm,nm,14.5899,nm,nm,-1.0599,nm,480000000.0,0.416698,955000000.0,-1191000000.0,263000000.0,1.0,-2356000000.0,nm,nm,0.418559,-21.6991,47.0204,160000000.0,,1.4501,,18549000000.0,0.0,0.0,0.0,3882501347.8,162000000.0,-83000000.0,2330000000.0,162000000.0,-83000000.0,2330000000.0,2409000000.0,-41704000000.0,3074000000.0,3074000000.0,0.897531,-0.089994,3074000000.0,638000000.0,-38148423.9,-41704000000.0,3504000000.0,0.000915,231000000.0,0.0,0.0,941000000.0,3035851576.1,0.924805,0.224895,-0.095011,,20107000000.0,1.770511,-0.596956,8.50365,7874000000.0,0.294763,13499000000.0,0.121935,0.267426,4515000000.0,2000000.0,50000000.0,80000000.0,1925000000.0,4539000000.0,,0.0,0.0987,0.3591,0.0759,0.1006,0.227721,-12139000000.0,-274000000.0,426000000.0,0.031558,,,29670000000.0,0.486019,-0.139259,nm,0.204037,0.274779,0.274779,nm,nm,12602000000.0,1220000000.0,0.090377,,13137000000.0,0.0,41.8311,0.762968,AAPL,57057000000.0,39348000000.0,39348000000.0,7874000000.0,32336000000.0,12229000000.0,39348000000.0,39348000000.0,5625000000.0,17709000000.0,57057000000.0,21217000000.0,5480000000.0,1646000000.0,3979000000.0,50000000.0,4029000000.0,13499000000.0,906800000.0,907548000.0,922878000.0
8469000000.0,3447000000.0,4452000000.0,-321000000.0,108000000.0,5.0757,18.617,1.0116,0.0,2360.2855555555557,2664.7025,3.57,3.57,46.4878,595000000.0,9705000000.0,,513000000.0,,-45.1696,36.1890597239719,41.138830324456,,10133000000.0,1.0,1.6357,0.609172,nm,2691000000.0,1216000000.0,2010-09-30,0.0,0.0,0.0,0.0,273000000.0,273000000.0,-3867000000.0,20421000000.0,3.51,7.1355,0.0,0.0,71.9108,19.6057,0.387937,4292000000.0,4565000000.0,0.588379,0.290764,0.075383,0.594354,0.273376,0.065277,0.242078,-41332750514.1,0.746269,0.054054,nm,nm,nm,nm,nm,nm,nm,17.1877,nm,nm,-1.1154,704040540.5,714000000.0,0.390828,1039000000.0,1056000000.0,318000000.0,1.0,-2728000000.0,0.478693,2505000000.0,-0.157895,-14.3422,51.1528,199000000.0,,1.6357,,21551000000.0,0.0,0.0,0.0,4506249485.9,316000000.0,-5430000000.0,4801000000.0,316000000.0,-5430000000.0,4801000000.0,-313000000.0,-45839000000.0,3253000000.0,3253000000.0,0.77954,0.05823,3253000000.0,942000000.0,-43959459.5,-45839000000.0,3990000000.0,0.001142,219000000.0,0.0,0.0,1021000000.0,3209040540.5,0.795511,0.204397,0.057048,2952000000.0,20421000000.0,1.114978,1.060515,8.068908,9564000000.0,0.269682,15700000000.0,0.121146,0.276556,3188000000.0,117000000.0,58000000.0,-46000000.0,2119000000.0,4981000000.0,,0.0,0.1045,0.3682,0.0789,0.1071,0.207197,-16257000000.0,-595000000.0,464000000.0,0.029554,,,32870000000.0,0.612903,0.163049,nm,0.209608,0.354701,0.354701,nm,nm,11789000000.0,1438000000.0,0.091592,,14583000000.0,0.0,45.375,0.757922,AAPL,64725000000.0,43111000000.0,43111000000.0,9564000000.0,36033000000.0,15612000000.0,43111000000.0,43111000000.0,6136000000.0,21614000000.0,64725000000.0,24702000000.0,6002000000.0,1902000000.0,4234000000.0,58000000.0,4292000000.0,15700000000.0,911200000.0,912197000.0,927361000.0
12015000000.0,5510000000.0,5723000000.0,-76000000.0,-46000000.0,4.4892,14.7052,1.0633,0.0,2664.7025,2733.241111111111,4.71,4.71,51.682,760000000.0,11261000000.0,,40000000.0,,-49.534,41.138830324456,44.448136499567,0.0,10668000000.0,1.0,1.5445,0.630733,nm,2984000000.0,1636000000.0,2010-12-31,0.0,0.0,0.0,0.0,329000000.0,329000000.0,-4664000000.0,20956000000.0,4.64,6.9509,0.0,0.0,81.306,24.8211,0.406466,5461000000.0,5790000000.0,0.472533,0.284619,0.268346,0.464468,0.268446,0.272367,0.211133,-46085975303.8,0.669065,0.321937,nm,nm,nm,nm,nm,nm,nm,16.8933,nm,6.336163,-1.0701,5164955868.9,741000000.0,0.369267,1153000000.0,822000000.0,342000000.0,1.0,-3220000000.0,-0.369048,-868000000.0,-0.180352,-23.4117,52.5113,179000000.0,,1.5445,,25391000000.0,0.0,0.0,0.0,4925024696.2,256000000.0,-4383000000.0,5683000000.0,256000000.0,-4383000000.0,5683000000.0,1556000000.0,-51011000000.0,4308000000.0,4308000000.0,0.701422,0.324316,4308000000.0,1051000000.0,-11044131.1,-51011000000.0,4768000000.0,0.00026,224000000.0,0.0,0.0,1139000000.0,4296955868.9,0.71779,0.211225,0.339016,4414000000.0,20956000000.0,0.827331,0.183712,7.477632,12831000000.0,0.267758,20343000000.0,0.101509,0.285439,3447000000.0,77000000.0,14000000.0,16000000.0,2263000000.0,5531000000.0,,0.0,0.1031,0.3515,0.0755,0.1054,0.211768,-16475000000.0,-760000000.0,494000000.0,0.024284,,,37169000000.0,0.666503,0.295732,nm,0.225173,0.352835,0.352835,nm,nm,12912000000.0,1571000000.0,0.077226,,14359000000.0,0.0,50.5109,0.788867,AAPL,75183000000.0,47791000000.0,47791000000.0,12831000000.0,41678000000.0,20722000000.0,47791000000.0,47791000000.0,7512000000.0,27392000000.0,75183000000.0,28737000000.0,6670000000.0,2065000000.0,5447000000.0,14000000.0,5461000000.0,20343000000.0,909300000.0,909461000.0,924712000.0
14301000000.0,6027000000.0,5953000000.0,-49000000.0,114000000.0,4.4889,16.7342,1.0846,0.0,2733.241111111111,2695.2611111111114,6.53,6.53,58.582,1214000000.0,10734000000.0,,826000000.0,,-53.7912,44.448136499567,42.8108605376058,,11502000000.0,1.0,1.5555,0.614898,nm,3541000000.0,1724000000.0,2011-03-31,0.0,0.0,0.0,0.0,356000000.0,356000000.0,-6845000000.0,20132000000.0,6.43,5.708,0.0,0.0,81.3108,21.8116,0.43204,7963000000.0,8319000000.0,0.674854,0.311095,0.436788,0.673602,0.297782,0.458158,0.246013,-54205194615.4,0.752044,0.385776,nm,nm,nm,nm,nm,nm,nm,16.9839,nm,0.334079,-1.1005,6890457742.1,741000000.0,0.385102,1959000000.0,3114000000.0,522000000.0,1.0,-5041000000.0,-0.244077,-989000000.0,-0.565528,-16.7784,63.9452,208000000.0,,1.5555,,32730000000.0,0.0,0.0,0.0,5501805384.6,429000000.0,-10729000000.0,9773000000.0,429000000.0,-10729000000.0,9773000000.0,-527000000.0,-59707000000.0,6004000000.0,6004000000.0,0.777383,0.393686,6004000000.0,885000000.0,-102542257.9,-59707000000.0,5868000000.0,0.002061,299000000.0,0.0,0.0,1216000000.0,5901457742.1,0.759229,0.220689,0.373404,4847000000.0,20132000000.0,0.690538,0.71969,8.050247,16443000000.0,0.292697,26741000000.0,0.092405,0.32297,3467000000.0,221000000.0,136000000.0,-23000000.0,2954000000.0,7065000000.0,,0.0,0.1006,0.3307,0.0721,0.103,0.224524,-19575000000.0,-1214000000.0,575000000.0,0.021503,,,43050000000.0,0.705095,0.314506,nm,0.243515,0.367981,0.367981,nm,nm,10132000000.0,1896000000.0,0.070902,,16243000000.0,0.0,57.2285,0.753987,AAPL,86742000000.0,54666000000.0,54666000000.0,16443000000.0,43927000000.0,23795000000.0,54666000000.0,54666000000.0,10298000000.0,32076000000.0,86742000000.0,36947000000.0,8281000000.0,2471000000.0,7827000000.0,136000000.0,7963000000.0,26741000000.0,919400000.0,919294000.0,933154000.0
13714000000.0,5798000000.0,7022000000.0,-32000000.0,126000000.0,5.4992,20.1407,1.151,0.0,2695.2611111111114,2502.065555555556,6.49,6.49,65.6845,624000000.0,15978000000.0,,1087000000.0,,-42.8809,42.8108605376058,48.6329947275594,,12326000000.0,1.0,1.5072,0.585762,nm,3591000000.0,1683000000.0,2011-06-30,0.0,0.0,0.0,0.0,434000000.0,434000000.0,-6564000000.0,22670000000.0,6.4,5.3702,0.0,0.0,66.3736,18.1225,0.465935,7900000000.0,8334000000.0,0.963251,0.33786,0.001803,0.960784,0.320266,-0.007912,0.242152,-59772292436.9,0.921922,-0.004666,nm,nm,nm,nm,nm,nm,nm,17.9479,nm,0.146701,-1.0659,7901295949.4,741000000.0,0.414238,1913000000.0,-489000000.0,507000000.0,1.0,-4290000000.0,-0.820883,-1934000000.0,0.148978,-26.3169,67.9681,286000000.0,,1.5072,,36533000000.0,0.0,0.0,0.0,5994707563.1,547000000.0,-1522000000.0,6219000000.0,547000000.0,-1522000000.0,6219000000.0,5244000000.0,-65767000000.0,5987000000.0,5987000000.0,0.947625,-0.002831,5987000000.0,930000000.0,-19704050.6,-65767000000.0,6241000000.0,0.000367,287000000.0,0.0,0.0,1230000000.0,5967295949.4,0.965609,0.241914,0.011156,5297000000.0,22670000000.0,1.669099,-0.363655,9.966346,14449000000.0,0.319212,24667000000.0,0.095026,0.368615,4055000000.0,261000000.0,26000000.0,35000000.0,3885000000.0,7870000000.0,,0.0,0.0975,0.3066,0.0685,0.0995,0.242713,-22685000000.0,-624000000.0,581000000.0,0.023554,,,49025000000.0,0.827321,-0.077559,nm,0.279354,0.38784,0.38784,nm,nm,21784000000.0,1763000000.0,0.071472,,13256000000.0,0.0,64.3511,0.757848,AAPL,94904000000.0,61477000000.0,61477000000.0,14449000000.0,46997000000.0,24327000000.0,61477000000.0,61477000000.0,10218000000.0,33427000000.0,94904000000.0,41666000000.0,9100000000.0,2344000000.0,7874000000.0,26000000.0,7900000000.0,24667000000.0,922500000.0,923196000.0,935944000.0
15270000000.0,6102000000.0,7597000000.0,-185000000.0,389000000.0,5.0863,21.012,1.1701,0.0,2502.065555555556,2604.3042857142855,7.89,7.89,73.9414,777000000.0,12091000000.0,,650000000.0,,-48.8552,48.6329947275594,51.6531072712198,0.0,12715000000.0,1.0,1.5249,0.582724,nm,3992000000.0,1892000000.0,2011-09-30,0.0,0.0,0.0,0.0,481000000.0,481000000.0,-8356000000.0,20039000000.0,7.79,5.535,0.0,0.0,71.7612,17.371,0.604785,9551000000.0,10032000000.0,1.19759,0.351125,0.203744,1.225303,0.33429,0.208987,0.234845,-70579754760.9,1.219373,0.217187,nm,nm,nm,nm,nm,nm,nm,18.6837,14.995376,0.425259,-1.0848,11261393257.3,741000000.0,0.417276,2243000000.0,3035000000.0,1169000000.0,1.0,-6813000000.0,-1.497434,-4085000000.0,-0.588112,-21.0297,65.9443,83000000.0,,1.5249,,47761000000.0,0.0,0.0,0.0,5576245239.1,37000000.0,-15032000000.0,11108000000.0,37000000.0,-15032000000.0,11108000000.0,-3887000000.0,-76156000000.0,7308000000.0,7308000000.0,1.246542,0.220645,7308000000.0,889000000.0,-131606742.7,-76156000000.0,6749000000.0,0.002158,284000000.0,0.0,0.0,1407000000.0,7176393257.3,1.236305,0.251178,0.202621,5369000000.0,20039000000.0,1.313685,0.786139,14.29601,16649000000.0,0.32827,28571000000.0,0.089006,0.391137,4251000000.0,-46000000.0,172000000.0,22000000.0,3440000000.0,9149000000.0,,0.0,0.0804,0.2362,0.0556,0.0827,0.255784,-32873000000.0,-777000000.0,628000000.0,0.02198,,,56239000000.0,0.819809,0.158268,nm,0.29928,0.419852,0.419852,nm,nm,18781000000.0,1915000000.0,0.067026,,16304000000.0,0.0,71.9048,0.765155,AAPL,106758000000.0,69343000000.0,69343000000.0,16649000000.0,46898000000.0,26859000000.0,69343000000.0,69343000000.0,11922000000.0,37415000000.0,106758000000.0,53111000000.0,10556000000.0,2543000000.0,9379000000.0,172000000.0,9551000000.0,28571000000.0,926200000.0,926108000.0,937810000.0
14632000000.0,5369000000.0,9247000000.0,-3170000000.0,443000000.0,4.8359,19.9005,1.1302,0.0,2604.3042857142855,3092.6712500000003,7.17,7.17,81.7973,1645000000.0,9815000000.0,,775000000.0,,-51.9611,51.6531072712198,76.4657295418762,0.0,13331000000.0,1.0,1.5397,0.597453,nm,4091000000.0,2014000000.0,2011-12-31,0.0,0.0,0.0,0.0,543000000.0,543000000.0,-8934000000.0,17018000000.0,7.17,5.175,0.0,0.0,75.4773,18.3412,0.536721,8791000000.0,9334000000.0,0.61209,0.330173,-0.069577,0.609778,0.310966,-0.079573,0.246616,-74670428024.7,0.545259,-0.079589,nm,nm,nm,nm,nm,nm,nm,17.2577,0.606398,-0.263237,-1.0657,8296975884.4,896000000.0,0.402547,2168000000.0,2965000000.0,3536000000.0,1.0,-4955000000.0,-0.53882,-1735000000.0,0.272714,-26.4829,70.532,254000000.0,,1.5397,,55618000000.0,0.0,0.0,0.0,6899571975.3,431000000.0,-13136000000.0,10429000000.0,431000000.0,-13136000000.0,10429000000.0,-2276000000.0,-81570000000.0,6623000000.0,6623000000.0,0.537372,-0.093733,6623000000.0,776000000.0,-61024115.6,-81570000000.0,7777000000.0,0.000921,298000000.0,0.0,0.0,1686000000.0,6561975884.4,0.527122,0.232118,-0.085616,6348000000.0,17018000000.0,0.835122,-0.061127,6.339818,16890000000.0,0.3081,28270000000.0,0.094446,0.351459,4529000000.0,177000000.0,81000000.0,-293000000.0,3556000000.0,10100000000.0,,0.0,0.0901,0.2662,0.0637,0.0956,0.234277,-27184000000.0,-1645000000.0,645000000.0,0.022816,,,62841000000.0,0.389667,-0.010535,nm,0.264784,0.416732,0.416732,nm,nm,19156000000.0,2025000000.0,0.071631,,16137000000.0,0.0,77.0655,0.753384,AAPL,116371000000.0,76615000000.0,76615000000.0,16890000000.0,44988000000.0,27970000000.0,76615000000.0,76615000000.0,11380000000.0,39756000000.0,116371000000.0,63606000000.0,11786000000.0,2670000000.0,8710000000.0,81000000.0,8791000000.0,28270000000.0,924100000.0,924258000.0,936645000.0
18221000000.0,8930000000.0,11500000000.0,-108000000.0,384000000.0,4.5273,17.0945,1.1342,0.0,3092.6712500000003,2879.0075,14.03,14.03,95.6422,1321000000.0,10310000000.0,0.0,1474000000.0,,-54.0125,76.4657295418762,74.4825052997343,0.0,13961000000.0,1.0,1.5576,0.553169,nm,4886000000.0,1937000000.0,2012-03-31,0.0,0.0,0.0,0.0,721000000.0,721000000.0,-9992000000.0,20164000000.0,13.87,5.258,0.0,0.0,80.6225,21.3519,0.678152,17477000000.0,18198000000.0,1.187523,0.392765,0.949646,1.194776,0.377204,0.988056,0.252503,-90653125782.9,1.157076,0.934449,nm,nm,nm,nm,nm,nm,nm,18.6847,1.244785,0.864245,-1.087,15467592950.7,896000000.0,0.446831,4413000000.0,3349000000.0,3472000000.0,1.0,-7547000000.0,-0.497124,-2506000000.0,-0.523108,-20.3116,69.4182,91000000.0,,1.5576,,67445000000.0,0.0,0.0,0.0,6947874217.1,69000000.0,-17128000000.0,17554000000.0,69000000.0,-17128000000.0,17554000000.0,495000000.0,-97601000000.0,13064000000.0,13064000000.0,1.175883,0.97252,13064000000.0,1236000000.0,-102407049.3,-97601000000.0,7816000000.0,0.001302,420000000.0,0.0,0.0,2187000000.0,12961592950.7,1.196338,0.279749,0.975258,7554000000.0,20164000000.0,0.796173,0.683191,13.288418,25630000000.0,0.374247,46333000000.0,0.072583,0.427837,4958000000.0,-22000000.0,137000000.0,-34000000.0,4281000000.0,11833000000.0,0.0,0.0,0.0772,0.2107,0.0543,0.0811,0.281959,-40175000000.0,-1321000000.0,758000000.0,0.01636,,0.0,75709000000.0,0.732658,0.638946,nm,0.319807,0.455804,0.455804,nm,nm,24510000000.0,2605000000.0,0.056223,,19846000000.0,0.0,91.0031,0.747497,AAPL,138681000000.0,90054000000.0,90054000000.0,25630000000.0,54771000000.0,34607000000.0,90054000000.0,90054000000.0,20703000000.0,48627000000.0,138681000000.0,76094000000.0,14020000000.0,3363000000.0,17340000000.0,137000000.0,17477000000.0,46333000000.0,931100000.0,931041000.0,941572000.0
17011000000.0,7042000000.0,9778000000.0,-402000000.0,524000000.0,5.1939,22.1745,1.1582,0.0,2879.0075,3140.137142857143,12.45,12.45,108.4758,1457000000.0,10121000000.0,0.0,3361000000.0,,-49.167,74.4825052997343,85.4448229081532,0.0,14850000000.0,1.0,1.4992,0.526259,nm,5247000000.0,2253000000.0,2012-06-30,0.0,0.0,0.0,0.0,740000000.0,740000000.0,-9862000000.0,18676000000.0,12.3,4.6476,0.0,0.0,70.275,16.4604,0.534477,15532000000.0,16272000000.0,0.952484,0.41525,-0.105836,0.966076,0.396366,-0.111289,0.251738,-99854295345.1,0.921875,-0.113194,nm,nm,nm,nm,nm,nm,nm,18.8706,0.885673,-0.036744,-1.073,14899257275.3,1141000000.0,0.473741,3910000000.0,1191000000.0,3604000000.0,1.0,-7678000000.0,-0.789744,-3388000000.0,-0.017358,-23.7901,78.5344,286000000.0,,1.4992,,81638000000.0,0.0,0.0,0.0,10321704654.9,310000000.0,-14476000000.0,13977000000.0,310000000.0,-14476000000.0,13977000000.0,-189000000.0,-1.10176e+11,11622000000.0,11622000000.0,0.941206,-0.11038,11622000000.0,1102000000.0,-110742724.7,-1.10176e+11,8847000000.0,0.001259,424000000.0,0.0,0.0,2446000000.0,11511257275.3,0.929058,0.293759,-0.111895,6727000000.0,18676000000.0,1.247467,-0.203771,9.592999,20622000000.0,0.392589,39186000000.0,0.081151,0.459056,5050000000.0,24000000.0,148000000.0,-14000000.0,4992000000.0,13954000000.0,,0.0,0.1007,0.2673,0.0725,0.1056,0.296586,-44847000000.0,-1457000000.0,841000000.0,0.021462,,,87124000000.0,0.5886,-0.154253,nm,0.343494,0.471011,0.471011,nm,nm,32244000000.0,2339000000.0,0.05969,,18417000000.0,0.0,103.454,0.748262,AAPL,150934000000.0,1.02498e+11,102498000000.0,20622000000.0,50712000000.0,32036000000.0,102498000000.0,102498000000.0,18564000000.0,48436000000.0,150934000000.0,91375000000.0,16400000000.0,3180000000.0,15384000000.0,148000000.0,15532000000.0,39186000000.0,933500000.0,933582000.0,944893000.0
16808000000.0,7657000000.0,10430000000.0,-907000000.0,532000000.0,5.1855,21.6312,1.1037,0.0,3140.137142857143,2998.25,9.42,9.42,117.9926,2056000000.0,7945000000.0,0.0,1066000000.0,,-49.1015,85.4448229081532,68.4860208781209,0.0,15573000000.0,1.0,1.4891,0.571881,nm,5822000000.0,2309000000.0,2012-09-30,0.0,0.0,0.0,0.0,835000000.0,835000000.0,-8771000000.0,18883000000.0,9.32,4.4127,0.0,0.0,70.3879,16.8738,0.568945,11861000000.0,12696000000.0,0.26555,0.362505,-0.219764,0.241859,0.338663,-0.236351,0.256049,-1.07143953288e+11,0.196406,-0.242276,nm,nm,nm,nm,nm,nm,nm,17.2676,-0.354277,-0.511939,-1.0679,7271742180.3,1132000000.0,0.428119,3037000000.0,82000000.0,4329000000.0,1.0,-5475000000.0,0.196389,1338000000.0,0.286924,-24.2207,82.7161,56000000.0,,1.4891,,89567000000.0,0.0,0.0,0.0,10077046712.4,-55000000.0,-12310000000.0,10189000000.0,-55000000.0,-12310000000.0,10189000000.0,-2176000000.0,-1.17221e+11,8824000000.0,8824000000.0,0.207444,-0.24075,8824000000.0,1122000000.0,-214257819.7,-1.17221e+11,10487000000.0,0.002216,448000000.0,0.0,0.0,2530000000.0,8609742180.3,0.199731,0.245831,-0.252059,6641000000.0,18883000000.0,-0.082733,-0.271017,4.955739,20029000000.0,0.33044,35023000000.0,0.097679,0.373791,6560000000.0,-111000000.0,288000000.0,-8000000.0,5438000000.0,15560000000.0,,0.0,0.0902,0.2511,0.0677,0.0948,0.251949,-36069000000.0,-2056000000.0,876000000.0,0.025012,,,95641000000.0,0.225823,-0.106237,nm,0.278082,0.443241,0.443241,nm,nm,26730000000.0,2545000000.0,0.072667,,19709000000.0,0.0,112.2264,0.743951,AAPL,162896000000.0,1.11746e+11,111746000000.0,20029000000.0,51943000000.0,33060000000.0,111746000000.0,111746000000.0,14994000000.0,51150000000.0,162896000000.0,100466000000.0,18090000000.0,3421000000.0,11573000000.0,288000000.0,11861000000.0,35023000000.0,936700000.0,936596000.0,947059000.0
21175000000.0,10930000000.0,11414000000.0,-40000000.0,499000000.0,4.9066,19.2046,1.0704,0.059617,2998.25,3246.57,1.26,1.26,17.8633,3461000000.0,10746000000.0,0.38,1781000000.0,,-52.1277,68.4860208781209,57.2889047526975,0.0,16422000000.0,1.0,1.501,0.599594,nm,5953000000.0,2583000000.0,2012-12-31,0.0,0.0,0.0,0.0,981000000.0,981000000.0,-10018000000.0,19111000000.0,1.26,3.2554,0.217099,0.059617,74.389,19.0058,0.009453,10893000000.0,11874000000.0,0.272123,0.330145,-0.064745,0.239108,0.302869,-0.081612,0.245112,4.29330499672e+12,0.241582,-0.06811,76.992,72.7186,108.8888,nm,103.8477,84.4208,27.4319,13.4752,-0.234962,-0.127101,-1.041,6347499311.5,1135000000.0,0.400406,2670000000.0,-516000000.0,4224000000.0,1.0,-3041000000.0,0.386276,1914000000.0,0.444566,-39.1466,112.12,232000000.0,,1.501,0.0,92122000000.0,0.0,0.0,0.0,4414555996715.0,-2022000000.0,-4313000000.0,9136000000.0,-2022000000.0,-4313000000.0,9136000000.0,2801000000.0,-1.21251e+11,8223000000.0,8223000000.0,0.241582,-0.06811,8223000000.0,791000000.0,38499311.5,-1.21251e+11,15452000000.0,-0.00038,448000000.0,0.0,0.0,2648000000.0,8261499311.5,0.258996,0.229703,-0.040448,7762000000.0,19111000000.0,-0.123981,-0.103347,2.6397,21565000000.0,0.304287,35966000000.0,0.096119,0.324185,6458000000.0,234000000.0,-51000000.0,8000000.0,5478000000.0,16664000000.0,-2488000000.0,0.0,37.345,105.7809,28.2066,39.1184,0.228633,-30141000000.0,-3461000000.0,906000000.0,0.02519,,,101289000000.0,0.272232,0.026925,nm,0.244723,0.428415,0.428415,nm,nm,29321000000.0,2551000000.0,0.070928,,18383000000.0,0.0,17.0535,0.754888,AAPL,176064000000.0,1.1821e+11,118210000000.0,21565000000.0,57653000000.0,38542000000.0,118210000000.0,118210000000.0,14401000000.0,57854000000.0,176064000000.0,102959000000.0,19312000000.0,3457000000.0,10944000000.0,-51000000.0,10893000000.0,35966000000.0,6541200000.0,6543726000.0,6617483000.0
26398000000.0,11598000000.0,13207000000.0,-422000000.0,612000000.0,4.2882,16.0451,0.9839,0.166024,3246.57,3367.4085714285716,13.93,13.93,134.4423,2317000000.0,16154000000.0,2.65,1890000000.0,0.0,-57.2351,57.2889047526975,51.6614479900666,0.0,17167000000.0,1.0,1.5399,0.613663,nm,7274000000.0,2895000000.0,2013-03-31,0.0,0.0,0.0,0.0,1588000000.0,1588000000.0,-14351000000.0,25469000000.0,13.81,5.1335,0.565724,0.119314,85.1169,22.7484,0.672057,17672000000.0,19260000000.0,0.058358,0.353317,0.622031,0.011158,0.324186,0.622326,0.259959,-1.28237971118e+11,-0.004326,9.960317,nm,nm,nm,nm,nm,nm,nm,14.1739,-0.033133,1.356062,-1.0796,14955101177.0,1381000000.0,0.386337,4594000000.0,8215000000.0,4462000000.0,1.0,-9766000000.0,-0.294024,-2219000000.0,-2.211444,-19.0247,71.1022,76000000.0,,1.5399,,97292000000.0,0.0,0.0,0.0,8874028882.1,-4497000000.0,-13521000000.0,23426000000.0,-4497000000.0,-13521000000.0,23426000000.0,5408000000.0,-1.37112e+11,13078000000.0,13078000000.0,0.001072,0.590417,13078000000.0,1455000000.0,-341898823.0,-1.37112e+11,15422000000.0,0.002913,545000000.0,0.0,0.0,2938000000.0,12736101177.0,-0.017397,0.233638,0.541621,9936000000.0,25469000000.0,0.334511,1.564142,10.110488,33452000000.0,0.31571,54512000000.0,0.070627,0.318961,6644000000.0,-130000000.0,462000000.0,-52000000.0,5183000000.0,18925000000.0,-2493000000.0,0.0,0.0697,0.2126,0.0539,0.073,0.23991,-37192000000.0,-2317000000.0,1010000000.0,0.018528,,-1950000000.0,109567000000.0,0.176526,0.515654,nm,0.236044,0.384057,0.384057,nm,nm,26462000000.0,2840000000.0,0.052099,,23666000000.0,0.0,128.2737,0.740041,AAPL,196088000000.0,1.27346e+11,127346000000.0,33452000000.0,72348000000.0,46879000000.0,127346000000.0,127346000000.0,21060000000.0,68742000000.0,196088000000.0,108318000000.0,21863000000.0,3850000000.0,17210000000.0,462000000.0,17672000000.0,54512000000.0,938800000.0,938916000.0,947217000.0
14912000000.0,7084000000.0,13331000000.0,-306000000.0,964000000.0,6.4092,23.9422,0.9784,0.237497,3367.4085714285716,3772.8385714285714,10.16,10.16,143.2188,2008000000.0,12053000000.0,2.65,2368000000.0,,-37.5176,51.6614479900666,62.523749727769,0.0,17954000000.0,1.0,1.4525,0.625049,nm,7265000000.0,3242000000.0,2013-06-30,0.0,0.0,0.0,0.0,1692000000.0,1692000000.0,-11308000000.0,27829000000.0,10.09,4.187,0.971392,0.188344,56.9496,15.245,0.731992,12905000000.0,14597000000.0,-0.102938,0.334771,-0.242108,-0.169135,0.295966,-0.269749,0.260209,-1.36944527285e+11,-0.179675,-0.26937,nm,nm,nm,nm,nm,nm,nm,14.167,-0.274508,-0.277217,-1.0709,10809292599.8,1400000000.0,0.374951,3358000000.0,690000000.0,4136000000.0,1.0,-9197000000.0,-0.197838,-1519000000.0,0.058263,-20.042,87.1751,199000000.0,,1.4525,,105550000000.0,0.0,0.0,0.0,7742472715.4,-2248000000.0,-14357000000.0,12504000000.0,-2248000000.0,-14357000000.0,12504000000.0,-4101000000.0,-1.44687e+11,9547000000.0,9547000000.0,-0.178541,-0.269995,9547000000.0,1245000000.0,-256707400.2,-1.44687e+11,15026000000.0,0.002014,575000000.0,0.0,0.0,2877000000.0,9290292599.8,-0.192938,0.213065,-0.270554,6252000000.0,27829000000.0,-0.105387,-0.466234,6.227092,27254000000.0,0.288008,43603000000.0,0.086944,0.289571,6377000000.0,44000000.0,347000000.0,-41000000.0,5294000000.0,20868000000.0,-2491000000.0,0.0,0.0571,0.1952,0.0458,0.0596,0.218953,-43971000000.0,-2008000000.0,1119000000.0,0.025663,,,116572000000.0,0.112719,-0.200121,nm,0.214222,0.333395,0.333395,nm,nm,31969000000.0,2672000000.0,0.06128,,27084000000.0,0.0,137.367,0.739791,AAPL,194743000000.0,1.3549e+11,135490000000.0,27254000000.0,63337000000.0,35508000000.0,135490000000.0,135490000000.0,16349000000.0,59253000000.0,194743000000.0,116380000000.0,23745000000.0,3791000000.0,12558000000.0,347000000.0,12905000000.0,43603000000.0,939700000.0,939629000.0,946035000.0
15516000000.0,8839000000.0,13470000000.0,-275000000.0,-234000000.0,6.4701,20.5388,0.934,0.747934,3772.8385714285714,4159.8133333333335,1.07,1.07,19.066,1885000000.0,11248000000.0,0.44,2930000000.0,,-33.7221,62.523749727769,74.0061903372395,0.0,19024000000.0,0.879141,1.543,0.631288,nm,7333000000.0,3193000000.0,2013-09-30,16958000000.0,0.2982,0.1375,0.120859,1694000000.0,1694000000.0,-10706000000.0,31900000000.0,1.07,4.9198,1.490473,0.272412,56.4132,17.7712,0.014714,9435000000.0,11129000000.0,-0.123425,0.315064,-0.237583,-0.204536,0.267106,-0.268888,0.26868,2.43582920662e+12,-0.218042,-0.27726,47.8505,42.8391,64.3626,nm,65.8112,46.0511,14.3788,12.6355,0.039898,-0.300429,-1.0501,7561871224.2,1522000000.0,0.368712,2535000000.0,-1344000000.0,4353000000.0,1.0,-6308000000.0,-0.152146,-833000000.0,0.314124,-28.754,74.1894,60000000.0,16896000000.0,1.543,16958000000.0,104014000000.0,16958000000.0,0.120859,0.1375,2565491206620.0,-2126000000.0,-6507000000.0,7828000000.0,-2126000000.0,-6507000000.0,7828000000.0,-805000000.0,-1.29662e+11,6900000000.0,6900000000.0,-0.218042,-0.27726,6900000000.0,1697000000.0,-171128775.8,-1.29662e+11,16327000000.0,0.001386,578000000.0,0.0,0.0,2672000000.0,6728871224.2,-0.218458,0.190495,-0.275709,4614000000.0,31900000000.0,-0.23172,-0.37396,4.152785,22299000000.0,0.260482,35323000000.0,0.10823,0.249476,7270000000.0,-271000000.0,234000000.0,-95000000.0,5421000000.0,20553000000.0,-2811000000.0,0.0,20.7978,67.9636,15.1442,21.8379,0.19534,-41518000000.0,-1885000000.0,1178000000.0,0.033349,,-16000000000.0,104564000000.0,0.008566,-0.189895,nm,0.182446,0.321123,0.321123,nm,nm,37266000000.0,2645000000.0,0.07488,,31358000000.0,0.0,18.1579,0.73132,AAPL,199856000000.0,1.40312e+11,123354000000.0,22299000000.0,68219000000.0,36319000000.0,123354000000.0,123354000000.0,13024000000.0,76502000000.0,199856000000.0,115310000000.0,40183000000.0,3823000000.0,9201000000.0,234000000.0,9435000000.0,35323000000.0,6448600000.0,6430323000.0,6469854000.0
22367000000.0,13102000000.0,13856000000.0,-404000000.0,-471000000.0,4.8967,14.2235,0.8923,0.902449,4159.8133333333335,4202.429999999999,1.16,1.16,18.9445,1955000000.0,14259000000.0,0.43,1940000000.0,,-44.5044,74.0061903372395,71.2246850774688,0.0,19764000000.0,0.879296,1.5845,0.62983,nm,7435000000.0,3453000000.0,2013-12-31,16960000000.0,0.298,0.1373,0.120704,1783000000.0,1783000000.0,-10918000000.0,29628000000.0,1.16,4.3739,1.553452,0.285228,74.54,25.6617,0.011764,10143000000.0,11926000000.0,0.004379,0.318264,0.071615,-0.068852,0.270682,0.07504,0.259391,3.0185178135e+12,-0.086465,0.088696,60.1838,53.0383,76.6231,nm,83.4228,56.2464,17.6614,10.6655,0.676142,0.406968,-1.0384,10639311150.5,1577000000.0,0.37017,2631000000.0,-165000000.0,4179000000.0,1.0,-6252000000.0,-1.055903,-3211000000.0,0.008878,-36.7825,83.4489,195000000.0,,1.5845,16960000000.0,106215000000.0,16960000000.0,0.120704,0.1373,3148318813500.0,-7508000000.0,611000000.0,9908000000.0,-7508000000.0,611000000.0,9908000000.0,3011000000.0,-1.29801e+11,7512000000.0,7512000000.0,-0.086465,0.088696,7512000000.0,1764000000.0,-83688849.5,-1.29801e+11,16597000000.0,0.000667,778000000.0,0.0,0.0,2625000000.0,7428311150.5,-0.100852,0.198236,0.103946,7539000000.0,29628000000.0,0.084501,0.265713,5.068031,23601000000.0,0.267667,37472000000.0,0.102503,0.241538,6882000000.0,-24000000.0,113000000.0,28000000.0,5146000000.0,20208000000.0,-2769000000.0,0.0,25.4823,85.0047,18.4209,26.7276,0.20047,-25808000000.0,-1955000000.0,1168000000.0,0.03117,,-4910000000.0,104256000000.0,0.041873,0.060839,nm,0.178885,0.306396,0.306396,nm,nm,28750000000.0,2673000000.0,0.071333,0.0,26287000000.0,0.0,18.0619,0.740609,AAPL,207000000000.0,1.40509e+11,123549000000.0,23601000000.0,73286000000.0,43658000000.0,123549000000.0,123549000000.0,13871000000.0,83451000000.0,207000000000.0,117117000000.0,39793000000.0,3841000000.0,10030000000.0,113000000.0,10143000000.0,37472000000.0,6475000000.0,6477320000.0,6521634000.0
29588000000.0,14200000000.0,15824000000.0,-584000000.0,-306000000.0,3.8903,13.4888,0.826,0.993195,4202.429999999999,4378.857142857143,2.08,2.08,20.5516,1985000000.0,14077000000.0,0.44,3387000000.0,161000000.0,-60.7685,71.2246850774688,86.8048122735839,0.0,20559000000.0,0.88434,1.639,0.62069,nm,8357000000.0,3742000000.0,2014-03-31,16961000000.0,0.2949,0.1308,0.11566,2144000000.0,2144000000.0,-14133000000.0,26578000000.0,2.07,5.9944,1.369047,0.292728,93.8224,27.0595,0.010478,17709000000.0,19853000000.0,0.030789,0.344706,0.664682,0.002094,0.30748,0.745933,0.261844,3.39237707449e+12,-0.000459,0.740149,67.588,58.9927,87.5035,nm,93.3575,64.116,19.4973,11.258,0.024494,0.440076,-1.0854,15321413688.0,2022000000.0,0.37931,4637000000.0,6773000000.0,4105000000.0,1.0,-12197000000.0,-0.248925,-2431000000.0,-0.950896,-15.8441,60.8901,134000000.0,0.0,1.639,16961000000.0,118131000000.0,16961000000.0,0.11566,0.1308,3534258074490.0,-7749000000.0,-15103000000.0,22670000000.0,-7749000000.0,-15103000000.0,22670000000.0,-182000000.0,-1.41881e+11,13072000000.0,13072000000.0,-0.000459,0.740149,13072000000.0,2122000000.0,-181586312.0,-1.41881e+11,15488000000.0,0.001302,681000000.0,0.0,0.0,3071000000.0,12890413688.0,0.012116,0.223815,0.735309,10998000000.0,26578000000.0,-0.032272,1.28805,11.420655,35748000000.0,0.303209,57594000000.0,0.076102,0.253988,8574000000.0,-85000000.0,246000000.0,5000000.0,5091000000.0,21699000000.0,-2769000000.0,0.0,27.2528,95.4405,20.3128,28.6043,0.226968,-48397000000.0,-1985000000.0,1330000000.0,0.023093,,-5029000000.0,109431000000.0,0.056538,0.536988,nm,0.187483,0.288145,0.288145,nm,nm,35858000000.0,3053000000.0,0.053009,,26634000000.0,0.0,19.5806,0.738156,AAPL,225184000000.0,1.46645e+11,129684000000.0,35748000000.0,80347000000.0,53769000000.0,129684000000.0,129684000000.0,21846000000.0,95500000000.0,225184000000.0,129349000000.0,41731000000.0,4383000000.0,17463000000.0,246000000.0,17709000000.0,57594000000.0,6284600000.0,6272504000.0,6310161000.0
18914000000.0,9700000000.0,15984000000.0,-138000000.0,-251000000.0,6.4653,20.9765,0.8786,1.456493,4378.857142857143,4509.9685714285715,1.67,1.67,19.52,1382000000.0,18949000000.0,0.44,1982000000.0,,-33.9246,86.8048122735839,94.5775379709236,0.0,21496000000.0,0.876317,1.5674,0.606822,nm,8310000000.0,4014000000.0,2014-06-30,16962000000.0,0.2894,0.1411,0.123683,1887000000.0,1887000000.0,-14017000000.0,27333000000.0,1.66,5.1305,1.45914,0.291988,56.4555,17.4004,0.011408,13818000000.0,15705000000.0,0.075906,0.344061,-0.208936,0.070748,0.302721,-0.219719,0.260168,3.17165842514e+12,0.070808,-0.217947,62.0616,54.1119,76.6945,nm,85.4815,58.7954,18.0172,11.6788,0.323633,-0.066174,-1.0886,14307537776.8,2055000000.0,0.393178,3595000000.0,732000000.0,3928000000.0,1.0,-13448000000.0,-0.462216,-4251000000.0,-0.102566,-15.5474,71.1431,207000000.0,,1.5674,16962000000.0,109239000000.0,16962000000.0,0.123683,0.1411,3305285425140.0,-20407000000.0,11741000000.0,13538000000.0,-20407000000.0,11741000000.0,13538000000.0,4872000000.0,-1.33627e+11,10223000000.0,10223000000.0,0.070808,-0.217947,10223000000.0,1829000000.0,-166462223.2,-1.33627e+11,15120000000.0,0.001196,696000000.0,0.0,0.0,3164000000.0,10056537776.8,0.082478,0.220316,-0.219844,6120000000.0,27333000000.0,0.082694,-0.402823,9.795948,27699000000.0,0.297792,45646000000.0,0.095386,0.265961,7528000000.0,18000000.0,225000000.0,-28000000.0,5106000000.0,22476000000.0,-2661000000.0,0.0,27.503,87.6571,18.7763,28.944,0.223963,-41963000000.0,-1382000000.0,1422000000.0,0.031153,,-17971000000.0,98934000000.0,0.046855,-0.207452,nm,0.196766,0.294967,0.294967,nm,nm,55252000000.0,2932000000.0,0.064233,,22401000000.0,0.0,18.5483,0.739832,AAPL,205989000000.0,1.37141e+11,120179000000.0,27699000000.0,70541000000.0,43208000000.0,120179000000.0,120179000000.0,17947000000.0,85810000000.0,205989000000.0,120328000000.0,42602000000.0,4354000000.0,13593000000.0,225000000.0,13818000000.0,45646000000.0,6121600000.0,6123302000.0,6156699000.0
20535000000.0,10788000000.0,15264000000.0,-392000000.0,86000000.0,6.0883,18.153,0.8435,1.140604,4509.9685714285715,4778.2242857142855,1.29,1.29,19.9844,2378000000.0,12977000000.0,0.47,2644000000.0,161000000.0,-34.3712,94.5775379709236,104.065579137439,0.0,22139000000.0,0.795763,1.729,0.606353,nm,8396000000.0,3884000000.0,2014-09-30,31040000000.0,0.5181,0.2567,0.204237,1946000000.0,1946000000.0,-14051000000.0,23754000000.0,1.28,5.4728,1.262026,0.287019,59.9509,20.1069,0.069264,10484000000.0,12430000000.0,0.116902,0.332069,-0.208532,0.111182,0.280081,-0.241279,0.260969,4.2318637778e+11,0.196262,-0.228916,8.1142,7.0632,9.5796,nm,11.1441,7.5072,2.3755,10.5063,0.82504,-0.035423,-1.077,13800715757.3,2374000000.0,0.393647,2736000000.0,-163000000.0,3767000000.0,1.0,-12510000000.0,-0.983196,-6202000000.0,0.06975,-18.9334,66.694,94000000.0,13970000000.0,1.729,29030000000.0,126685000000.0,29030000000.0,0.191012,0.24,556636377780.0,5987000000.0,-22214000000.0,10255000000.0,5987000000.0,-22214000000.0,10255000000.0,-5972000000.0,-1.3345e+11,7748000000.0,7748000000.0,0.122899,-0.242101,7748000000.0,1594000000.0,-149284242.7,-1.3345e+11,17585000000.0,0.001135,724000000.0,0.0,0.0,3058000000.0,7598715757.3,0.12927,0.203001,-0.2444,6053000000.0,21744000000.0,0.310041,-0.242503,4.312447,22697000000.0,0.274685,37432000000.0,0.118962,0.236258,7825000000.0,-210000000.0,202000000.0,30000000.0,4160000000.0,23287000000.0,-2867000000.0,0.0,4.6026,14.4375,3.1246,4.8488,0.206989,-70302000000.0,-2378000000.0,1603000000.0,0.042824,,-5000000000.0,98715000000.0,0.059706,-0.17995,nm,0.174602,0.315644,0.315644,nm,nm,50828000000.0,2850000000.0,0.076138,2010000000.0,24828000000.0,0.013225,18.9697,0.739031,AAPL,222520000000.0,1.5198e+11,120940000000.0,22697000000.0,67949000000.0,46205000000.0,120940000000.0,120940000000.0,14735000000.0,101580000000.0,222520000000.0,136986000000.0,55375000000.0,4453000000.0,10282000000.0,202000000.0,10484000000.0,37432000000.0,6006200000.0,6012635000.0,6051711000.0
30196000000.0,17460000000.0,18453000000.0,-2893000000.0,1082000000.0,4.2714,11.9622,0.8331,1.420552,4778.2242857142855,4926.4457142857145,1.39,1.39,18.2187,3826000000.0,13844000000.0,0.46,2013000000.0,17000000.0,-48.6403,104.065579137439,117.771533155411,0.0,23313000000.0,0.75964,1.8666,0.619946,nm,8491000000.0,4318000000.0,2014-12-31,35295000000.0,0.5746,0.3164,0.24036,1969000000.0,1969000000.0,-13686000000.0,11391000000.0,1.39,6.2997,0.925695,0.2816,85.4527,30.5127,0.06405,11472000000.0,13441000000.0,0.127033,0.319089,0.081335,0.131026,0.272345,0.094239,0.261942,4.9691429725e+11,0.198276,0.085938,9.2911,8.0892,12.1403,nm,12.8117,8.3217,2.7184,9.8221,-0.023864,-0.247473,-1.0623,10385416230.8,4616000000.0,0.380054,3005000000.0,2052000000.0,4142000000.0,1.0,-8397000000.0,-0.34309,-2145000000.0,0.328777,-24.9567,57.9396,295000000.0,4296000000.0,1.8666,28987000000.0,130162000000.0,28987000000.0,0.197403,0.2599,616858297250.0,-15380000000.0,2997000000.0,13250000000.0,-15380000000.0,2997000000.0,13250000000.0,867000000.0,-1.19944e+11,8467000000.0,8467000000.0,0.12713,0.092798,8467000000.0,2111000000.0,-226583769.2,-1.19944e+11,20624000000.0,0.001815,762000000.0,0.0,0.0,3031000000.0,8240416230.8,0.109326,0.195627,0.084449,9759000000.0,5083000000.0,0.337303,0.292053,3.463147,26114000000.0,0.265057,42123000000.0,0.114997,0.226887,9806000000.0,-142000000.0,307000000.0,19000000.0,3764000000.0,24826000000.0,-2829000000.0,0.0,5.53,15.6127,3.3746,6.0012,0.201007,-56476000000.0,-3826000000.0,1686000000.0,0.040026,,-17000000000.0,87152000000.0,0.124119,0.125321,nm,0.167455,0.336118,0.336118,nm,nm,66173000000.0,3158000000.0,0.074971,6308000000.0,11233000000.0,0.042958,16.7883,0.738058,AAPL,231839000000.0,1.46842e+11,111547000000.0,26114000000.0,68531000000.0,63448000000.0,111547000000.0,111547000000.0,16009000000.0,120292000000.0,231839000000.0,142684000000.0,56844000000.0,4844000000.0,11165000000.0,307000000.0,11472000000.0,42123000000.0,6087800000.0,6085572000.0,6122663000.0
38001000000.0,16709000000.0,22724000000.0,-71000000.0,1963000000.0,3.5914,12.9283,0.8204,1.263079,4926.4457142857145,5082.072857142857,3.08,3.08,20.9677,3217000000.0,19478000000.0,0.47,3869000000.0,202000000.0,-66.7765,117.771533155411,119.206111177721,0.0,24187000000.0,0.772098,1.9251,0.601322,nm,8987000000.0,5046000000.0,2015-03-31,36403000000.0,0.5309,0.2952,0.227902,2575000000.0,2575000000.0,-18772000000.0,13691000000.0,3.06,6.6238,0.814653,0.250956,101.633,28.2327,0.066315,24416000000.0,26991000000.0,0.359543,0.361815,1.00811,0.378734,0.327297,1.128312,0.261796,5.2891472397e+11,0.478261,1.201439,8.7874,7.7138,10.6163,nm,12.0773,7.4742,2.6472,11.1371,0.561573,1.30376,-1.1202,23925505242.5,4629000000.0,0.398678,6392000000.0,15743000000.0,4370000000.0,1.0,-18224000000.0,-0.494138,-6027000000.0,-1.170299,-13.1357,55.1047,80000000.0,3485000000.0,1.9251,32504000000.0,145492000000.0,32504000000.0,0.203492,0.2636,670466723970.0,-6923000000.0,-21165000000.0,33722000000.0,-6923000000.0,-21165000000.0,33722000000.0,5634000000.0,-1.41552e+11,18024000000.0,18024000000.0,0.378825,1.128735,18024000000.0,2283000000.0,-125494757.5,-1.41552e+11,20392000000.0,0.000886,-2620000000.0,0.0,0.0,3480000000.0,17898505242.5,0.388513,0.23993,1.172039,13267000000.0,9792000000.0,0.487517,1.545057,10.482437,44858000000.0,0.325018,74599000000.0,0.073661,0.268515,13635000000.0,-248000000.0,170000000.0,65000000.0,3608000000.0,28971000000.0,-2801000000.0,0.0,5.4365,15.0795,3.3557,5.8644,0.241612,-44915000000.0,-3217000000.0,1895000000.0,0.025402,-2409000000.0,-5030000000.0,97178000000.0,0.295256,0.77098,nm,0.198219,0.351462,0.351462,nm,nm,26973000000.0,3600000000.0,0.048258,3899000000.0,12985000000.0,0.02441,19.4377,0.738204,AAPL,261894000000.0,1.59731e+11,123328000000.0,44858000000.0,83403000000.0,73611000000.0,123328000000.0,123328000000.0,29741000000.0,138566000000.0,261894000000.0,158099000000.0,64955000000.0,5495000000.0,24246000000.0,170000000.0,24416000000.0,74599000000.0,5851900000.0,5843082000.0,5881803000.0
23159000000.0,10905000000.0,22827000000.0,-199000000.0,2710000000.0,6.0858,20.5934,0.9083,0.946285,5082.072857142857,4680.105,2.34,2.34,22.1095,2369000000.0,14489000000.0,0.47,3189000000.0,18000000.0,-36.2292,119.206111177721,104.970381793502,0.0,25376000000.0,0.74623,1.8748,0.592208,nm,8944000000.0,5141000000.0,2015-06-30,43871000000.0,0.5936,0.3401,0.25377,2479000000.0,2479000000.0,-20135000000.0,12961000000.0,2.33,6.0228,0.750506,0.235107,59.9761,17.7241,0.066479,18564000000.0,21043000000.0,0.339892,0.362748,-0.22037,0.343465,0.320014,-0.239679,0.269069,5.694782485e+11,0.403614,-0.238562,8.7698,7.7055,10.4854,nm,12.0915,7.4629,2.6841,12.0305,0.43798,-0.140083,-1.1369,20573953781.5,4711000000.0,0.407792,4995000000.0,-3902000000.0,4061000000.0,1.0,-20662000000.0,-0.536437,-7214000000.0,-0.13378,-12.44,60.6026,229000000.0,7847000000.0,1.8748,40072000000.0,160443000000.0,40072000000.0,0.231795,0.3106,719146248500.0,-1739000000.0,-22331000000.0,19081000000.0,-1739000000.0,-22331000000.0,19081000000.0,-4989000000.0,-1.49668e+11,13569000000.0,13569000000.0,0.327301,-0.24717,13569000000.0,2396000000.0,-209046218.5,-1.49668e+11,20151000000.0,0.001476,6935000000.0,0.0,0.0,3571000000.0,13359953781.5,0.328484,0.230304,-0.253572,7259000000.0,9162000000.0,0.40944,-0.434168,8.054453,34354000000.0,0.315084,58010000000.0,0.092708,0.290659,9094000000.0,-3000000.0,286000000.0,23000000.0,3937000000.0,29816000000.0,-2743000000.0,0.0,5.5745,15.0424,3.3896,5.9812,0.233908,-47608000000.0,-2369000000.0,1918000000.0,0.033063,-99000000.0,-6970000000.0,100920000000.0,0.270867,-0.222376,nm,0.212451,0.383715,0.383715,nm,nm,27822000000.0,3460000000.0,0.059645,3799000000.0,18607000000.0,0.021975,20.6062,0.730931,AAPL,261194000000.0,1.72877e+11,129006000000.0,34354000000.0,67891000000.0,58729000000.0,129006000000.0,129006000000.0,23656000000.0,132188000000.0,261194000000.0,173152000000.0,73459000000.0,5378000000.0,18278000000.0,286000000.0,18564000000.0,58010000000.0,5798700000.0,5793799000.0,5834858000.0
26474000000.0,10370000000.0,22724000000.0,-161000000.0,1098000000.0,5.7542,21.2059,0.9052,0.99387,4680.105,5035.83,1.86,1.86,21.7694,2043000000.0,15319000000.0,0.52,3546000000.0,207000000.0,-41.3133,104.970381793502,100.924946724814,0.0,26327000000.0,0.697837,2.0099,0.603246,nm,9088000000.0,5010000000.0,2015-09-30,54418000000.0,0.6886,0.433,0.302163,3084000000.0,3084000000.0,-22036000000.0,12667000000.0,1.85,4.9062,0.726765,0.225201,63.4317,17.2122,0.069337,14473000000.0,17557000000.0,0.41247,0.353936,-0.165661,0.380485,0.291765,-0.220373,0.262281,5.8331029825e+11,0.445313,-0.206009,8.463,7.3807,9.7006,nm,11.6923,7.1977,2.6002,11.5835,0.495016,0.002835,-1.143,20632289781.0,5044000000.0,0.396754,3796000000.0,2871000000.0,3779000000.0,1.0,-22753000000.0,-0.818785,-10243000000.0,-0.1012,-12.7236,74.3949,15000000.0,9980000000.0,2.0099,47419000000.0,168145000000.0,47419000000.0,0.2633,0.3773,731740298250.0,-2755000000.0,-11403000000.0,14988000000.0,-2755000000.0,-11403000000.0,14988000000.0,830000000.0,-1.4843e+11,10677000000.0,10677000000.0,0.378033,-0.213133,10677000000.0,2042000000.0,-287710219.0,-1.4843e+11,21149000000.0,0.002041,-1644000000.0,0.0,0.0,3474000000.0,10389289781.0,0.367243,0.20944,-0.222356,9537000000.0,5668000000.0,0.461531,-0.214507,7.33627,29924000000.0,0.283903,49605000000.0,0.112852,0.264101,9291000000.0,-397000000.0,390000000.0,46000000.0,4081000000.0,31296000000.0,-3053000000.0,0.0,5.8224,14.4222,3.2618,6.262,0.21524,-45001000000.0,-2043000000.0,2034000000.0,0.041004,700000000.0,-10000000000.0,98252000000.0,0.325203,-0.144889,nm,0.194832,0.411464,0.411464,nm,nm,35756000000.0,3564000000.0,0.071848,6999000000.0,19384000000.0,0.038863,20.2411,0.737719,AAPL,273151000000.0,1.80095e+11,125677000000.0,29924000000.0,70953000000.0,65285000000.0,125677000000.0,125677000000.0,19681000000.0,147474000000.0,273151000000.0,181049000000.0,82189000000.0,5598000000.0,14083000000.0,390000000.0,14473000000.0,49605000000.0,5740300000.0,5729886000.0,5773099000.0
35490000000.0,16849000000.0,25181000000.0,-153000000.0,-345000000.0,4.2654,13.6241,0.8951,0.876765,5035.83,4815.68,1.93,1.93,20.6031,3618000000.0,21120000000.0,0.52,2648000000.0,87000000.0,-52.971,100.924946724814,105.063862540156,0.0,27416000000.0,0.649784,2.2615,0.601017,nm,8940000000.0,,2015-12-31,64329000000.0,0.7679,0.539,0.350216,3119000000.0,3119000000.0,-21833000000.0,19768000000.0,1.93,5.8102,0.00904,0.216522,85.572,26.7907,0.080349,15062000000.0,18181000000.0,0.352652,0.353022,0.035541,0.312936,0.29246,0.040696,0.261453,5.2318594499e+11,0.388489,0.043243,7.2149,6.2454,7.923,nm,9.9754,6.4379,2.2386,10.8465,1.348079,0.181923,-1.1316,24385777718.8,5116000000.0,0.398983,3938000000.0,-2068000000.0,3893000000.0,1.0,-21983000000.0,-1.617959,-13586000000.0,0.033842,-15.3861,62.8202,219000000.0,7993000000.0,2.2615,53329000000.0,164065000000.0,53329000000.0,0.29033,0.4468,664522944990.0,-6299000000.0,-1375000000.0,13475000000.0,-6299000000.0,-1375000000.0,13475000000.0,5801000000.0,-1.41337e+11,11124000000.0,11124000000.0,0.313807,0.041866,11124000000.0,2349000000.0,-324222281.2,-1.41338e+11,22471000000.0,0.002482,1300000000.0,0.0,0.0,3624000000.0,10799777718.8,0.310586,0.2097,0.039511,13494000000.0,8768000000.0,0.016981,-0.100947,3.724433,30953000000.0,0.283936,51501000000.0,0.115046,0.261794,15085000000.0,-102000000.0,439000000.0,-160000000.0,5422000000.0,33427000000.0,-2964000000.0,0.0,5.5676,12.4456,2.8433,6.0222,0.215996,-28878000000.0,-3618000000.0,2220000000.0,0.043106,1808000000.0,-13253000000.0,92284000000.0,0.222634,0.038222,nm,0.193347,0.462482,0.462482,nm,nm,31434000000.0,3705000000.0,0.07194,11000000000.0,20481000000.0,0.059885,19.0479,0.738547,AAPL,290345000000.0,1.83684e+11,119355000000.0,30953000000.0,89378000000.0,80610000000.0,119355000000.0,119355000000.0,20548000000.0,170990000000.0,290345000000.0,178496000000.0,90380000000.0,5925000000.0,14623000000.0,439000000.0,15062000000.0,51501000000.0,5753700000.0,5753421000.0,5793069000.0
33312000000.0,12953000000.0,24032000000.0,-480000000.0,-1480000000.0,3.9454,15.8444,0.8465,0.908507,4815.68,4782.282222222221,3.3,3.3,22.9289,3612000000.0,16689000000.0,0.52,3398000000.0,396000000.0,-63.3344,105.063862540156,92.7195838766376,0.0,28253000000.0,0.670747,2.2066,0.599022,nm,8989000000.0,,2016-03-31,62963000000.0,0.7468,0.4909,0.329253,2954000000.0,2954000000.0,-28188000000.0,9886000000.0,3.28,6.1413,0.01004,0.218291,92.5122,23.0366,0.08891,24573000000.0,27527000000.0,0.019858,0.362808,0.514053,0.00643,0.323874,0.631457,0.252798,4.5155753981e+11,0.071895,0.699482,6.2136,5.356,7.6672,nm,8.5832,6.0202,1.9216,11.0085,0.017559,-0.001647,-1.1698,24345624710.0,5202000000.0,0.400978,6212000000.0,4960000000.0,3924000000.0,1.0,-24509000000.0,-0.344875,-6285000000.0,-0.114907,-10.998,59.4339,1000000.0,,2.2066,53204000000.0,177665000000.0,53204000000.0,0.27822,0.4148,604333539810.0,-11444000000.0,-20450000000.0,27463000000.0,-11444000000.0,-20450000000.0,27463000000.0,-4431000000.0,-1.52776e+11,18361000000.0,18361000000.0,0.018697,0.650575,18361000000.0,2451000000.0,-300375290.0,-1.52776e+11,22300000000.0,0.002041,1188000000.0,0.0,0.0,3546000000.0,18060624710.0,0.009058,0.238041,0.672314,11668000000.0,127000000.0,-0.185606,1.038071,7.603267,45449000000.0,0.318576,75872000000.0,0.082402,0.27417,11073000000.0,-373000000.0,402000000.0,-172000000.0,7974000000.0,32175000000.0,-2969000000.0,0.0,4.7115,11.2474,2.5718,5.0724,0.242,-47962000000.0,-3612000000.0,2404000000.0,0.031685,-1240000000.0,-6863000000.0,101494000000.0,0.017065,0.473214,nm,0.204861,0.427123,0.427123,nm,nm,31776000000.0,3848000000.0,0.050717,9759000000.0,21385000000.0,0.051033,21.2975,0.747202,AAPL,293284000000.0,1.9123e+11,128267000000.0,45449000000.0,76219000000.0,76092000000.0,128267000000.0,128267000000.0,30423000000.0,165017000000.0,293284000000.0,194765000000.0,88925000000.0,6252000000.0,24171000000.0,402000000.0,24573000000.0,75872000000.0,5563900000.0,5558930000.0,5594127000.0
25098000000.0,12229000000.0,23208000000.0,-317000000.0,-1048000000.0,5.6764,19.671,0.8033,0.960397,4782.282222222221,5293.855555555556,1.91,1.91,23.5444,2336000000.0,21514000000.0,0.52,3232000000.0,169000000.0,-39.5146,92.7195838766376,110.234135632721,0.0,29484000000.0,0.620252,2.1832,0.605969,nm,9461000000.0,,2016-06-30,79872000000.0,0.9998,0.6122,0.379748,2477000000.0,2477000000.0,-25458000000.0,29825000000.0,1.9,6.232,0.015315,0.234579,64.3018,18.5552,0.086554,14142000000.0,16619000000.0,-0.210236,0.328718,-0.396265,-0.238203,0.279724,-0.42449,0.256399,4.3244942362e+11,-0.184549,-0.420732,6.3363,5.4135,8.3831,nm,8.7102,6.4041,1.9006,10.4966,-0.400322,-0.493225,-1.1667,12337741903.5,5249000000.0,0.394031,3626000000.0,-2638000000.0,3843000000.0,1.0,-22599000000.0,-0.093747,-1937000000.0,0.077931,-10.5192,58.5683,246000000.0,15584000000.0,2.1832,69374000000.0,177645000000.0,69374000000.0,0.329836,0.5318,585505423620.0,6884000000.0,-13660000000.0,11601000000.0,6884000000.0,-13660000000.0,11601000000.0,4825000000.0,-1.53056e+11,10516000000.0,10516000000.0,-0.224998,-0.427264,10516000000.0,2281000000.0,-115258096.5,-1.53056e+11,23203000000.0,0.000761,1246000000.0,0.0,0.0,3322000000.0,10400741903.5,-0.221499,0.205723,-0.424121,7595000000.0,19327000000.0,-0.392013,-0.577577,4.966182,30636000000.0,0.276658,50557000000.0,0.117372,0.224714,10204000000.0,-114000000.0,155000000.0,-24000000.0,7745000000.0,33859000000.0,-2902000000.0,0.0,4.4881,11.5534,2.5733,4.8243,0.208003,-38406000000.0,-2336000000.0,2511000000.0,0.049667,737000000.0,-6667000000.0,102021000000.0,-0.128478,-0.333654,nm,0.167097,0.390638,0.390638,nm,nm,27423000000.0,3423000000.0,0.067706,10498000000.0,33769000000.0,0.049912,21.9035,0.743601,AAPL,305277000000.0,2.10329e+11,130457000000.0,30636000000.0,87592000000.0,68265000000.0,130457000000.0,130457000000.0,19921000000.0,174820000000.0,305277000000.0,194482000000.0,106555000000.0,5934000000.0,13987000000.0,155000000.0,14142000000.0,50557000000.0,5505800000.0,5514381000.0,5540886000.0
26318000000.0,11714000000.0,20820000000.0,-102000000.0,-107000000.0,5.0496,19.95,0.7613,1.024562,5293.855555555556,5446.107142857143,1.43,1.43,23.1219,2809000000.0,18237000000.0,0.57,2360000000.0,327000000.0,-48.6839,110.234135632721,113.521255282718,0.0,30106000000.0,0.598371,2.2947,0.619765,nm,8352000000.0,,2016-09-30,84935000000.0,1.1276,0.6712,0.401629,2526000000.0,2526000000.0,-23485000000.0,38271000000.0,1.42,5.3029,0.023514,0.251522,72.2825,18.2957,0.093507,10469000000.0,12995000000.0,-0.259839,0.30679,-0.218064,-0.276653,0.247155,-0.259723,0.255325,3.645727454e+11,-0.232432,-0.252632,5.6746,4.8402,8.2714,nm,7.7925,5.771,1.655,9.455,-0.766582,-0.609658,-1.1697,4815938389.5,5261000000.0,0.380235,2673000000.0,-853000000.0,3506000000.0,1.0,-20044000000.0,0.119061,2709000000.0,0.113058,-10.2946,68.8304,,6392000000.0,2.2947,68939000000.0,169764000000.0,68939000000.0,0.32599,0.5448,511157745400.0,-9441000000.0,-4470000000.0,10634000000.0,-9441000000.0,-4470000000.0,10634000000.0,-3277000000.0,-1.46585e+11,7796000000.0,7796000000.0,-0.269832,-0.258653,7796000000.0,1831000000.0,-271061610.5,-1.46585e+11,25448000000.0,0.001838,1165000000.0,0.0,0.0,3064000000.0,7524938389.5,-0.275702,0.177651,-0.2765,7328000000.0,22275000000.0,-0.290499,-0.083355,3.785689,26252000000.0,0.238562,42358000000.0,0.141673,0.188147,11132000000.0,-483000000.0,364000000.0,-125000000.0,7862000000.0,35572000000.0,-3187000000.0,0.0,4.0395,10.6943,2.3204,4.3402,0.18405,-27076000000.0,-2809000000.0,2560000000.0,0.060437,-1997000000.0,-10166000000.0,96542000000.0,-0.146094,-0.162173,nm,0.140108,0.379013,0.379013,nm,nm,25642000000.0,3441000000.0,0.081236,15996000000.0,43519000000.0,0.07564,21.52,0.744675,AAPL,305602000000.0,2.11476e+11,126541000000.0,26252000000.0,93761000000.0,71486000000.0,126541000000.0,126541000000.0,16106000000.0,179061000000.0,305602000000.0,186393000000.0,107575000000.0,6001000000.0,10105000000.0,364000000.0,10469000000.0,42358000000.0,5451700000.0,5443058000.0,5472781000.0
37294000000.0,15754000000.0,22027000000.0,-212000000.0,634000000.0,3.61,13.2282,0.7047,0.916497,5446.107142857143,5855.671111111111,1.71,1.71,23.3168,3977000000.0,20484000000.0,0.57,1454000000.0,424000000.0,-67.29,113.521255282718,141.41480817156,0.0,31251000000.0,0.595728,2.4718,0.619803,nm,8080000000.0,,2016-12-31,87032000000.0,1.2108,0.6786,0.404272,2548000000.0,2548000000.0,-27687000000.0,39468000000.0,1.71,6.2247,0.024567,0.26594,101.1074,27.5926,0.073696,12188000000.0,14736000000.0,-0.189484,0.314522,0.133975,-0.190811,0.260138,0.164199,0.26042,4.6938367151e+11,-0.11399,0.204225,7.6482,6.5304,10.4297,nm,10.5046,7.1309,2.1767,8.716,-0.630145,0.872781,-1.1789,9019199376.4,5414000000.0,0.380197,3174000000.0,3467000000.0,3206000000.0,1.0,-22304000000.0,-0.014602,-321000000.0,-0.112752,-9.7383,58.6369,248000000.0,2978000000.0,2.4718,75427000000.0,170430000000.0,75427000000.0,0.350365,0.5881,619936671510.0,-6482000000.0,-7397000000.0,16126000000.0,-6482000000.0,-7397000000.0,16126000000.0,2247000000.0,-1.50553e+11,9014000000.0,9014000000.0,-0.18968,0.156234,9014000000.0,2132000000.0,-315800623.6,-1.50553e+11,27010000000.0,0.002164,1097000000.0,0.0,0.0,2930000000.0,8698199376.4,-0.194595,0.185653,0.155916,13545000000.0,27863000000.0,0.196735,0.516457,4.054815,29039000000.0,0.251025,46852000000.0,0.129173,0.183311,8283000000.0,-193000000.0,427000000.0,211000000.0,8757000000.0,36074000000.0,-3092000000.0,0.0,4.8339,13.5692,2.8749,5.1822,0.192393,-30372000000.0,-3977000000.0,2570000000.0,0.054854,-397000000.0,-6026000000.0,96364000000.0,-0.09027,0.106096,nm,0.135573,0.369033,0.369033,nm,nm,26953000000.0,3482000000.0,0.074319,11605000000.0,46671000000.0,0.053906,21.7496,0.73958,AAPL,321686000000.0,2.15281e+11,128249000000.0,29039000000.0,106869000000.0,79006000000.0,128249000000.0,128249000000.0,17813000000.0,193437000000.0,321686000000.0,187807000000.0,114431000000.0,6052000000.0,11761000000.0,427000000.0,12188000000.0,46852000000.0,5471500000.0,5470820000.0,5500281000.0
38510000000.0,14057000000.0,23739000000.0,-103000000.0,245000000.0,3.7343,16.1509,0.6986,1.017781,5855.671111111111,6204.096666666666,3.38,3.38,24.848,3334000000.0,16371000000.0,0.57,3510000000.0,497000000.0,-68.1172,141.41480817156,142.34933510426,0.0,32144000000.0,0.60194,2.3956,0.614861,nm,7889000000.0,,2017-03-31,87549000000.0,1.2242,0.6613,0.39806,2987000000.0,2987000000.0,-27258000000.0,33194000000.0,3.36,7.0263,0.024225,0.272265,97.7429,22.5993,0.073275,24180000000.0,27167000000.0,-0.013078,0.346735,0.84358,-0.015993,0.308611,0.983919,0.260091,4.585473809e+11,0.02439,0.964912,7.5198,6.4117,10.0672,nm,10.4437,6.9906,2.1023,8.9374,-0.222631,1.098361,-1.1944,18925534698.1,5423000000.0,0.385139,6289000000.0,5374000000.0,2848000000.0,1.0,-26151000000.0,-0.066996,-1642000000.0,-0.17248,-8.6111,51.9473,,2385000000.0,2.3956,73557000000.0,185638000000.0,73557000000.0,0.334443,0.5556,617088380900.0,-12225000000.0,-19122000000.0,27234000000.0,-12225000000.0,-19122000000.0,27234000000.0,-4113000000.0,-1.58541e+11,17891000000.0,17891000000.0,-0.025598,0.984801,17891000000.0,2712000000.0,-607465301.9,-1.58541e+11,26510000000.0,0.003903,982000000.0,0.0,0.0,3163000000.0,17283534698.1,-0.043027,0.220591,0.987024,13920000000.0,19202000000.0,-0.008338,0.688825,8.168566,48175000000.0,0.298133,78351000000.0,0.087006,0.215602,12191000000.0,-629000000.0,821000000.0,-104000000.0,7390000000.0,37901000000.0,-3130000000.0,0.0,4.6611,13.6473,2.8291,4.9717,0.228344,-54272000000.0,-3334000000.0,2871000000.0,0.036643,,-10851000000.0,100001000000.0,0.032673,0.672309,nm,0.159526,0.346946,0.346946,nm,nm,38691000000.0,3946000000.0,0.050363,13992000000.0,44081000000.0,0.063618,23.2956,0.739909,AAPL,331141000000.0,2.19939e+11,132390000000.0,48175000000.0,103332000000.0,84130000000.0,132390000000.0,132390000000.0,30176000000.0,198751000000.0,331141000000.0,201299000000.0,114621000000.0,6817000000.0,23359000000.0,821000000.0,24180000000.0,78351000000.0,5293200000.0,5298661000.0,5327995000.0
28573000000.0,11579000000.0,23096000000.0,-90000000.0,-422000000.0,5.0594,18.5196,0.6891,1.019396,6204.096666666666,6432.38375,2.11,2.11,25.4827,2975000000.0,15157000000.0,0.57,3368000000.0,510000000.0,-45.4567,142.34933510426,152.950053745431,0.0,33579000000.0,0.576439,2.4186,0.610727,nm,7682000000.0,,2017-06-30,98522000000.0,1.37,0.7348,0.423561,2332000000.0,2332000000.0,-24462000000.0,42639000000.0,2.1,6.9776,0.016123,0.271441,72.1432,19.7089,0.060498,14684000000.0,17016000000.0,0.023888,0.321688,-0.373652,0.038326,0.277601,-0.392721,0.24891,5.9757509808e+11,0.105263,-0.375,9.7134,8.3096,13.0665,nm,13.5519,9.0079,2.7106,8.7542,-0.009048,-0.353989,-1.177,12226110392.3,5473000000.0,0.389273,3655000000.0,-2298000000.0,2617000000.0,1.0,-24237000000.0,-0.072481,-1638000000.0,0.07319,-9.414,52.3102,273000000.0,10469000000.0,2.4186,84531000000.0,189740000000.0,84531000000.0,0.363412,0.6304,755894098080.0,643000000.0,-14202000000.0,12345000000.0,643000000.0,-14202000000.0,12345000000.0,-1214000000.0,-1.58319e+11,11029000000.0,11029000000.0,0.048783,-0.383545,11029000000.0,2910000000.0,-440889607.7,-1.58319e+11,27163000000.0,0.002832,1282000000.0,0.0,0.0,3107000000.0,10588110392.3,0.018015,0.200168,-0.387387,9033000000.0,28648000000.0,0.064132,-0.546706,4.14958,32305000000.0,0.266504,52896000000.0,0.122769,0.191304,11367000000.0,66000000.0,587000000.0,220000000.0,7549000000.0,39470000000.0,-3004000000.0,0.0,5.6376,16.5295,3.4288,5.9995,0.208503,-45549000000.0,-2975000000.0,2776000000.0,0.05248,,-7161000000.0,100925000000.0,0.046265,-0.324884,nm,0.143687,0.345734,0.345734,nm,nm,34192000000.0,3718000000.0,0.070289,13991000000.0,51944000000.0,0.060149,23.9452,0.75109,AAPL,334532000000.0,2.32604e+11,134082000000.0,32305000000.0,101990000000.0,73342000000.0,134082000000.0,134082000000.0,20591000000.0,200450000000.0,334532000000.0,205379000000.0,127108000000.0,6494000000.0,14097000000.0,587000000.0,14684000000.0,52896000000.0,5227000000.0,5225791000.0,5261688000.0
31915000000.0,12399000000.0,23304000000.0,-264000000.0,-545000000.0,4.7203,18.5383,0.6869,0.937215,6432.38375,6942.41,1.68,1.68,25.3033,2277000000.0,18571000000.0,0.63,2874000000.0,449000000.0,-51.0276,152.950053745431,168.551097172695,0.0,34445000000.0,0.55002,2.513,0.61487,nm,7608000000.0,,2017-09-30,1.08339e+11,1.4927,0.8181,0.44998,2354000000.0,2354000000.0,-26711000000.0,50048000000.0,1.67,6.6088,0.016438,0.269898,77.3254,19.689,0.061894,11308000000.0,13662000000.0,0.051327,0.300872,-0.197109,0.080141,0.249031,-0.22991,0.22913,6.0055152598e+11,0.176056,-0.204762,9.6304,8.2742,13.1751,nm,13.383,9.3737,2.6869,8.167,0.870607,-0.263156,-1.1575,9008730102.6,5661000000.0,0.38513,2591000000.0,-3968000000.0,2444000000.0,1.0,-20752000000.0,-0.035322,-708000000.0,0.143788,-10.9573,55.2297,1000000.0,12737000000.0,2.513,89864000000.0,184757000000.0,89864000000.0,0.373245,0.6786,753728525980.0,-1769000000.0,-3180000000.0,8363000000.0,-1769000000.0,-3180000000.0,8363000000.0,3414000000.0,-1.53177e+11,8717000000.0,8717000000.0,0.118138,-0.209629,8717000000.0,3146000000.0,-416269897.4,-1.53177e+11,29286000000.0,0.002777,1260000000.0,0.0,0.0,2984000000.0,8300730102.6,0.103096,0.182803,-0.216033,10233000000.0,31573000000.0,-0.21356,-0.32256,3.672815,27920000000.0,0.237139,45408000000.0,0.147992,0.171058,10338000000.0,-549000000.0,540000000.0,197000000.0,10150000000.0,38598000000.0,-3365000000.0,0.0,5.6917,16.1567,3.3723,6.0628,0.191971,-24047000000.0,-2277000000.0,2937000000.0,0.06468,-3500000000.0,-7093000000.0,98525000000.0,0.072005,-0.141561,nm,0.131864,0.360287,0.360287,nm,nm,23211000000.0,3783000000.0,0.083311,18475000000.0,58188000000.0,0.076735,23.7547,0.77087,AAPL,345173000000.0,2.40764e+11,132425000000.0,27920000000.0,112875000000.0,81302000000.0,132425000000.0,132425000000.0,17488000000.0,212748000000.0,345173000000.0,203012000000.0,131446000000.0,6720000000.0,10768000000.0,540000000.0,11308000000.0,45408000000.0,5188700000.0,5195088000.0,5233499000.0
49049000000.0,17874000000.0,25744000000.0,-216000000.0,-150000000.0,3.2672,13.6335,0.6578,0.944531,6942.41,7106.665714285715,2.1,2.1,25.5245,3865000000.0,20289000000.0,0.63,1839000000.0,636000000.0,-75.9053,168.551097172695,167.78,0.0,35867000000.0,0.536774,2.6573,0.620932,nm,7548000000.0,,2017-12-31,1.1568e+11,1.5581,0.863,0.463226,2484000000.0,2484000000.0,-27877000000.0,46304000000.0,2.08,9.0404,0.015691,0.26409,111.718,26.7723,0.059738,13917000000.0,16401000000.0,0.112989,0.311931,0.200483,0.141861,0.264687,0.230722,0.23015,6.5617577104e+11,0.216374,0.245509,10.2385,8.8379,15.2089,nm,14.1784,10.3176,2.8625,7.5415,-0.227822,-0.226924,-1.1581,6964429690.3,5717000000.0,0.379068,3203000000.0,1308000000.0,2298000000.0,1.0,-19168000000.0,0.140603,3136000000.0,0.07633,-11.0549,40.3744,281000000.0,6923000000.0,2.6573,97207000000.0,194714000000.0,97207000000.0,0.389253,0.7252,809390771040.0,-3996000000.0,-9942000000.0,15656000000.0,-3996000000.0,-9942000000.0,15656000000.0,1718000000.0,-1.53215e+11,10714000000.0,10714000000.0,0.188596,0.229093,10714000000.0,4855000000.0,-613570309.7,-1.53215e+11,33783000000.0,0.00404,1150000000.0,0.0,0.0,2836000000.0,10100429690.3,0.161209,0.1921,0.216812,17799000000.0,27831000000.0,-0.029145,0.872055,4.050712,32648000000.0,0.249529,52579000000.0,0.129538,0.174103,13936000000.0,-135000000.0,797000000.0,-93000000.0,10162000000.0,40415000000.0,-3270000000.0,0.0,6.0381,16.7399,3.5308,6.4221,0.20377,-36013000000.0,-3865000000.0,2997000000.0,0.057,,-7795000000.0,98330000000.0,0.122236,0.157924,nm,0.134033,0.368675,0.368675,nm,nm,30245000000.0,3814000000.0,0.072538,18473000000.0,53892000000.0,0.073973,23.9984,0.76985,AAPL,375319000000.0,2.49727e+11,134047000000.0,32648000000.0,128645000000.0,100814000000.0,134047000000.0,134047000000.0,19931000000.0,241272000000.0,375319000000.0,212891000000.0,140458000000.0,6811000000.0,13120000000.0,797000000.0,13917000000.0,52579000000.0,5215900000.0,5217242000.0,5251692000.0
