accountspayable,accountsreceivable,accruedexpenses,acquisitions,amortizationexpense,aoci,apturnover,arturnover,assetturnover,augmentedpayoutratio,baseline_price,baseline_price_next_quarter,basicdilutedeps,basiceps,bookvaluepershare,capex,cashandequivalents,cashincometaxespaid,cashinterestpaid,ccc,close_price,close_price_next_quarter,commitmentsandcontingencies,commonequity,commontocap,compoundleveragefactor,costofrevtorevenue,croic,currentdeferredrevenue,currentdeferredtaxassets,date,debt,debttoebitda,debttoequity,debttototalcapital,depreciationandamortization,depreciationexpense,dfcfnwc,dfnwc,dilutedeps,dio,dividendyield,divpayoutratio,dpo,dso,earningsyield,ebit,ebitda,ebitdagrowth,ebitdamargin,ebitdaqoqgrowth,ebitgrowth,ebitmargin,ebitqoqgrowth,effectofexchangeratechanges,efftaxrate,enterprisevalue,epsgrowth,epsqoqgrowth,evtoebit,evtoebitda,evtofcff,evtoinvestedcapital,evtonopat,evtoocf,evtorevenue,faturnover,fcffgrowth,fcffqoqgrowth,finleverage,freecashflow,goodwill,grossmargin,impairmentexpense,incometaxexpense,increasedecreaseinoperatingcapital,intangibleassets,interestburdenpct,investedcapital,investedcapitalgrowth,investedcapitalincreasedecrease,investedcapitalqoqgrowth,investedcapitalturnover,invturnover,issuanceofcommonequity,issuanceofdebt,leverageratio,longtermdebt,ltdebtandcapleases,ltdebttocap,ltdebttoequity,marketcap,marketingexpense,netcashfromcontinuingfinancingactivities,netcashfromcontinuinginvestingactivities,netcashfromcontinuingoperatingactivities,netcashfromfinancingactivities,netcashfrominvestingactivities,netcashfromoperatingactivities,netchangeincash,netdebt,netincome,netincomecontinuing,netincomegrowth,netincomeqoqgrowth,netincometocommon,netinventory,netnonopex,netnonopobligations,netppe,nnep,noncashadjustmentstonetincome,noncontrolinttocap,noncontrollinginterestsharingratio,noncurrentdeferredtaxassets,noncurrentdeferredtaxliabilities,nopat,nopatgrowth,nopatmargin,nopatqoqgrowth,nwc,ocfgrowth,ocfqoqgrowth,ocftocapex,operatingcostofrevenue,operatingmargin,operatingrevenue,opextorevenue,oroa,othercurrentassets,otherfinancingactivitiesnet,otherincome,otherinvestingactivitiesnet,othernetchangesincash,othernoncurrentassets,othernoncurrentliabilities,otheroperatingexpenses,otherspecialcharges,preferredtocap,pricetobook,pricetoearnings,pricetorevenue,pricetotangiblebook,profitmargin,purchaseofinvestments,purchaseofplantpropertyandequipment,rdexpense,rdextorevenue,redeemablenoncontrollinginterest,repaymentofdebt,repurchaseofcommonequity,restructuringcharge,retainedearnings,revenuegrowth,revenueqoqgrowth,rnnoa,roa,roce,roe,roic,roicnnepspread,saleofinvestments,saleofplantpropertyandequipment,sgaexpense,sgaextorevenue,shorttermdebt,shortterminvestments,stdebttocap,tangbookvaluepershare,taxburdenpct,ticker,totalassets,totalcapital,totalcommonequity,totalcostofrevenue,totalcurrentassets,totalcurrentliabilities,totalequity,totalequityandnoncontrollinginterests,totalgrossprofit,totalinterestincome,totalliabilities,totalliabilitiesandequity,totalnoncurrentassets,totalnoncurrentliabilities,totaloperatingexpenses,totaloperatingincome,totalotherincome,totalpreferredequity,totalpretaxincome,totalrevenue,weightedavebasicdilutedsharesos,weightedavebasicsharesos,weightedavedilutedsharesos
,,,-42000000.0,15000000.0,,nm,nm,nm,nm,1537.69,1810.0442857142855,-0.3,-0.3,nm,31000000.0,,6000000.0,,nm,18.19,21.72,,,nm,nm,0.368159,nm,,,2009-03-31,nm,nm,nm,nm,50000000.0,50000000.0,nm,nm,-0.3,nm,0.0,nm,nm,nm,nm,-82000000.0,-32000000.0,nm,-0.039801,nm,nm,-0.10199,nm,-1000000.0,-0.079545,nm,nm,nm,nm,nm,nm,nm,nm,nm,nm,nm,nm,nm,nm,nm,,0.631841,,7000000.0,-320000000.0,,1.073171,nm,nm,nm,nm,nm,nm,25000000.0,,nm,,nm,nm,nm,14128740000.0,128000000.0,34000000.0,-96000000.0,-291000000.0,34000000.0,-96000000.0,-291000000.0,-354000000.0,nm,-95000000.0,-95000000.0,nm,nm,-95000000.0,,-9715909.1,nm,,nm,74000000.0,nm,nm,,,-104715909.1,nm,-0.130244,nm,nm,nm,nm,-9.387097,296000000.0,-0.120647,804000000.0,0.752488,nm,,9000000.0,15000000.0,,,,,,,nm,nm,nm,nm,nm,-0.118159,-158000000.0,-31000000.0,358000000.0,0.445274,,,,20000000.0,,nm,nm,nm,nm,nm,nm,nm,nm,135000000.0,,84000000.0,0.104478,,,nm,nm,1.079545,EA,,nm,,296000000.0,,,,,508000000.0,-6000000.0,,,,,605000000.0,-97000000.0,9000000.0,,-88000000.0,804000000.0,318000000.0,318000000.0,318000000.0
,,,,16000000.0,,nm,nm,nm,nm,1810.0442857142855,2123.9362499999997,-0.97,-0.97,nm,32000000.0,,5000000.0,,nm,21.72,19.05,,,nm,nm,0.623043,nm,,,2009-06-30,nm,nm,nm,nm,54000000.0,54000000.0,nm,nm,-0.97,nm,0.0,nm,nm,nm,nm,-357000000.0,-303000000.0,nm,-0.338926,-8.46875,nm,-0.399329,-3.353659,-17000000.0,0.207161,nm,nm,-2.233333,nm,nm,nm,nm,nm,nm,nm,nm,nm,nm,nm,nm,,0.376957,,-81000000.0,45000000.0,,1.095238,nm,nm,nm,nm,nm,nm,44000000.0,,nm,,nm,nm,nm,11799810000.0,197000000.0,51000000.0,188000000.0,-124000000.0,51000000.0,188000000.0,-124000000.0,98000000.0,nm,-310000000.0,-310000000.0,nm,-2.263158,-310000000.0,,21406649.6,nm,,nm,87000000.0,nm,nm,,,-288593350.4,nm,-0.322811,-1.755965,nm,nm,0.573883,-3.875,557000000.0,-0.407159,894000000.0,0.784116,nm,,7000000.0,7000000.0,,,,,,,nm,nm,nm,nm,nm,-0.346756,-155000000.0,-32000000.0,372000000.0,0.416107,,,,24000000.0,,nm,0.11194,nm,nm,nm,nm,nm,nm,375000000.0,,92000000.0,0.102908,,,nm,nm,0.792839,EA,,nm,,557000000.0,,,,,337000000.0,-34000000.0,,,,,701000000.0,-364000000.0,-27000000.0,,-391000000.0,894000000.0,319000000.0,319000000.0,319000000.0
,,,-16000000.0,15000000.0,,nm,nm,nm,nm,2123.9362499999997,2273.19625,-2.0,-2.0,nm,27000000.0,,5000000.0,,nm,19.05,17.75,,,nm,nm,0.55925,nm,,,2009-09-30,nm,nm,nm,nm,48000000.0,48000000.0,nm,nm,-2.0,nm,0.0,nm,nm,nm,nm,-290000000.0,-242000000.0,nm,-0.146312,0.20132,nm,-0.175333,0.187675,-33000000.0,-1.022082,nm,nm,-1.061856,nm,nm,nm,nm,nm,nm,nm,nm,nm,nm,nm,nm,,0.44075,368000000.0,324000000.0,363000000.0,,1.093103,nm,nm,nm,nm,nm,nm,6000000.0,,nm,,nm,nm,nm,5148840000.0,250000000.0,-8000000.0,-89000000.0,212000000.0,-8000000.0,-89000000.0,212000000.0,82000000.0,nm,-641000000.0,-641000000.0,nm,-1.067742,-641000000.0,,26287066.2,nm,,nm,442000000.0,nm,nm,,,-614712933.8,nm,-0.371652,-1.130032,nm,nm,2.709677,7.851852,925000000.0,-0.183797,1654000000.0,0.624547,nm,,-14000000.0,14000000.0,,,,,,,nm,nm,nm,nm,nm,-0.387545,-146000000.0,-27000000.0,300000000.0,0.181378,,,,18000000.0,,nm,0.850112,nm,nm,nm,nm,nm,nm,100000000.0,,82000000.0,0.049577,,,nm,nm,2.022082,EA,,nm,,925000000.0,,,,,729000000.0,-27000000.0,,,,,1033000000.0,-304000000.0,-13000000.0,,-317000000.0,1654000000.0,321000000.0,321000000.0,321000000.0
152000000.0,116000000.0,723000000.0,,12000000.0,189000000.0,13.9934,36.3103,0.9004,0.0,2273.19625,2401.8687499999996,-0.13,-0.13,9.7938,25000000.0,1621000000.0,9000000.0,,21.2064,17.75,18.66,,2145000000.0,1.0,1.376,0.405814,nm,261000000.0,51000000.0,2009-12-31,0.0,0.0,0.0,0.0,46000000.0,46000000.0,-536000000.0,1984000000.0,-0.13,37.2379,0.0,0.0,26.0837,10.0522,-0.186916,-64000000.0,-18000000.0,nm,-0.02093,0.92562,nm,-0.074419,0.77931,-7000000.0,0.288136,3300800000.0,nm,0.935,nm,nm,nm,5.3759,nm,275.0667,0.7837,11.8983,nm,nm,-0.8041,nm,807000000.0,0.594186,,-17000000.0,150000000.0,221000000.0,0.921875,614000000.0,nm,nm,nm,6.8599,9.8018,14000000.0,,1.4927,,0.0,0.0,0.0,5820800000.0,116000000.0,14000000.0,20000000.0,215000000.0,14000000.0,20000000.0,215000000.0,242000000.0,-2520000000.0,-42000000.0,-42000000.0,nm,0.934477,-42000000.0,217000000.0,-2135593.2,-2520000000.0,354000000.0,0.000847,61000000.0,0.0,0.0,61000000.0,310000000.0,-44135593.2,nm,-0.05132,0.928201,1984000000.0,nm,0.014151,8.6,349000000.0,-0.072093,860000000.0,0.666279,-0.067005,216000000.0,,-2000000.0,,,115000000.0,98000000.0,,,0.0,1.8573,nm,1.382,2.7639,-0.048837,-236000000.0,-25000000.0,332000000.0,0.386047,,,,39000000.0,800000000.0,nm,-0.480048,0.283763,-0.043972,-0.068292,-0.068292,-0.352055,-0.352902,281000000.0,,74000000.0,0.086047,,899000000.0,0.0,6.5813,0.711864,EA,4678000000.0,3134000000.0,3134000000.0,349000000.0,3120000000.0,1136000000.0,3134000000.0,3134000000.0,511000000.0,5000000.0,1544000000.0,4678000000.0,1204000000.0,408000000.0,573000000.0,-62000000.0,3000000.0,0.0,-59000000.0,860000000.0,320000000.0,320000000.0,320000000.0
166000000.0,375000000.0,661000000.0,-3000000.0,12000000.0,314000000.0,12.9639,10.8053,0.8581,0.0,2401.8687499999996,2213.88625,-0.72,-0.72,9.291,8000000.0,1205000000.0,-2000000.0,,42.0905,18.66,14.4,,2121000000.0,1.0,1.6775,0.498447,nm,433000000.0,56000000.0,2010-03-31,0.0,0.0,0.0,0.0,48000000.0,48000000.0,-363000000.0,1916000000.0,-0.72,36.4661,0.0,0.0,28.1552,33.7796,-0.174897,-242000000.0,-194000000.0,-5.0625,-0.301242,-9.777778,-1.95122,-0.375776,-2.78125,21000000.0,0.093023,4736560000.0,-1.4,-4.538462,nm,nm,nm,6.5603,nm,nm,1.1689,11.8827,nm,nm,-0.7594,nm,814000000.0,0.501553,,-24000000.0,-197000000.0,208000000.0,1.066116,722000000.0,nm,nm,0.175896,5.6122,10.0093,3000000.0,,1.5735,,0.0,0.0,0.0,7015560000.0,164000000.0,3000000.0,-112000000.0,-328000000.0,3000000.0,-112000000.0,-328000000.0,-416000000.0,-2279000000.0,-234000000.0,-234000000.0,-1.463158,-4.571429,-234000000.0,215000000.0,11790697.7,-2279000000.0,341000000.0,-0.005174,55000000.0,0.0,0.0,67000000.0,355000000.0,-222209302.3,-1.12202,-0.345046,-4.034696,1916000000.0,-0.127148,-2.525581,-41.0,321000000.0,-0.380435,644000000.0,0.881988,-0.322458,251000000.0,,3000000.0,,,116000000.0,106000000.0,,0.0,0.0,2.3377,nm,1.7314,3.545,-0.363354,-269000000.0,-8000000.0,312000000.0,0.484472,,,,14000000.0,566000000.0,-0.199005,-0.251163,1.466645,-0.311798,-0.469815,-0.469815,-1.93646,-1.931287,168000000.0,,66000000.0,0.102484,,1074000000.0,0.0,6.1269,0.906977,EA,4722000000.0,3001000000.0,3001000000.0,321000000.0,3176000000.0,1260000000.0,3001000000.0,3001000000.0,323000000.0,-16000000.0,1721000000.0,4722000000.0,1205000000.0,461000000.0,568000000.0,-245000000.0,-13000000.0,0.0,-258000000.0,644000000.0,325000000.0,323000000.0,323000000.0
273000000.0,646000000.0,848000000.0,,12000000.0,297000000.0,8.0147,6.1084,0.7889,0.0,2213.88625,2360.2855555555557,-1.21,-1.21,8.1975,259000000.0,1042000000.0,5000000.0,,55.9173,14.4,16.4475,,2184000000.0,1.0,1.92,0.752538,nm,792000000.0,74000000.0,2010-06-30,0.0,0.0,0.0,0.0,46000000.0,46000000.0,-698000000.0,1314000000.0,-1.21,41.7048,0.0,0.0,45.5416,59.7542,-0.211918,-410000000.0,-364000000.0,-0.20132,-0.461929,-0.876289,-0.148459,-0.520305,-0.694215,13000000.0,0.064593,4160200000.0,-0.247423,-0.680556,nm,nm,nm,6.4599,nm,39.621,1.0543,6.935,nm,nm,-0.7575,nm,817000000.0,0.247462,,-27000000.0,299000000.0,194000000.0,1.019512,644000000.0,nm,nm,-0.108033,6.1273,8.752,22000000.0,,1.8833,,0.0,0.0,0.0,6172200000.0,187000000.0,22000000.0,-204000000.0,6000000.0,22000000.0,-204000000.0,6000000.0,-163000000.0,-2012000000.0,-391000000.0,-391000000.0,-0.26129,-0.67094,-391000000.0,250000000.0,935406.7,-2012000000.0,569000000.0,-0.000465,52000000.0,0.0,0.0,71000000.0,344000000.0,-390064593.3,-0.351606,-0.495006,-0.755393,1314000000.0,1.048387,1.018293,0.023166,593000000.0,-0.529188,788000000.0,0.77665,-0.41046,245000000.0,,7000000.0,,,124000000.0,89000000.0,,,0.0,2.3239,nm,1.5642,3.7521,-0.496193,-136000000.0,-259000000.0,316000000.0,0.401015,,,,6000000.0,175000000.0,-0.118568,0.223602,2.297285,-0.391439,-0.735779,-0.735779,-3.033064,-3.032599,191000000.0,,91000000.0,0.115482,,970000000.0,0.0,5.0772,0.935407,EA,5002000000.0,2656000000.0,2656000000.0,593000000.0,3227000000.0,1913000000.0,2656000000.0,2656000000.0,195000000.0,-8000000.0,2346000000.0,5002000000.0,1206000000.0,433000000.0,612000000.0,-417000000.0,-1000000.0,0.0,-418000000.0,788000000.0,324000000.0,324000000.0,324000000.0
186000000.0,495000000.0,790000000.0,-275000000.0,14000000.0,238000000.0,10.3065,7.1414,0.7157,0.0,2360.2855555555557,2664.7025,-0.25,-0.25,7.9969,16000000.0,1114000000.0,5000000.0,,43.1135,16.4475,16.38,,2268000000.0,1.0,1.9178,0.526146,nm,895000000.0,95000000.0,2010-09-30,0.0,0.0,0.0,0.0,48000000.0,48000000.0,-873000000.0,911000000.0,-0.25,27.4178,0.0,0.0,35.4147,51.1103,-0.129837,-109000000.0,-61000000.0,0.747934,-0.049075,0.832418,0.624138,-0.087691,0.734146,-7000000.0,0.254545,3984750000.0,0.875,0.793388,nm,nm,nm,4.8893,nm,34.9539,1.1272,6.4273,nm,nm,-0.6864,nm,1097000000.0,0.473854,,-28000000.0,170000000.0,215000000.0,1.009174,815000000.0,nm,nm,0.265528,4.3374,13.3125,,,1.9003,,0.0,0.0,0.0,5768750000.0,208000000.0,13000000.0,-155000000.0,221000000.0,13000000.0,-155000000.0,221000000.0,72000000.0,-1784000000.0,-82000000.0,-82000000.0,0.872075,0.790281,-82000000.0,144000000.0,2236363.6,-1784000000.0,550000000.0,-0.001254,85000000.0,0.0,0.0,74000000.0,330000000.0,-79763636.4,0.870242,-0.06417,0.795512,911000000.0,0.042453,35.833333,13.8125,654000000.0,-0.086082,1243000000.0,0.559936,-0.062763,264000000.0,13000000.0,-2000000.0,-100000000.0,,221000000.0,139000000.0,,,0.0,2.2196,nm,1.6319,4.4823,-0.065969,-72000000.0,-16000000.0,290000000.0,0.233307,,,,100000000.0,93000000.0,-0.248489,0.577411,0.190193,-0.047216,-0.088141,-0.088141,-0.278334,-0.27708,308000000.0,,84000000.0,0.067578,,670000000.0,0.0,3.96,0.745455,EA,4939000000.0,2599000000.0,2599000000.0,654000000.0,2782000000.0,1871000000.0,2599000000.0,2599000000.0,589000000.0,-1000000.0,2340000000.0,4939000000.0,1607000000.0,469000000.0,696000000.0,-107000000.0,-3000000.0,0.0,-110000000.0,1243000000.0,325000000.0,325000000.0,325000000.0
91000000.0,206000000.0,717000000.0,-5000000.0,15000000.0,228000000.0,15.358,22.6957,0.7838,0.0,2664.7025,2733.241111111111,0.1,0.1,8.3969,22000000.0,1273000000.0,-42000000.0,,23.3198,16.38,19.53,,2378000000.0,1.0,1.5707,0.304392,-1.15341,766000000.0,44000000.0,2010-12-31,0.0,0.0,0.0,0.0,50000000.0,50000000.0,-985000000.0,1011000000.0,0.1,31.0035,0.0,0.0,23.7661,16.0824,-0.111633,81000000.0,131000000.0,8.277778,0.13381,3.147541,2.265625,0.082737,1.743119,-8000000.0,0.625,4068500000.0,1.769231,1.4,nm,nm,nm,5.5505,nm,26.7664,1.1134,8.202,nm,nm,-0.7703,-87875000.0,1093000000.0,0.695608,,50000000.0,117000000.0,204000000.0,0.987654,733000000.0,0.193811,119000000.0,-0.100613,5.4254,11.7729,14000000.0,,1.5903,,0.0,0.0,0.0,6064500000.0,171000000.0,15000000.0,-101000000.0,253000000.0,15000000.0,-101000000.0,253000000.0,159000000.0,-1996000000.0,30000000.0,30000000.0,1.714286,1.365854,30000000.0,100000000.0,1125000.0,-1996000000.0,537000000.0,-0.000498,56000000.0,0.0,0.0,52000000.0,244000000.0,31125000.0,1.705213,0.031793,1.390215,1011000000.0,0.176744,0.144796,11.5,298000000.0,0.08478,979000000.0,0.610827,0.064848,239000000.0,1000000.0,-2000000.0,,,175000000.0,99000000.0,2000000.0,,0.0,2.2222,nm,1.6597,4.235,0.030644,-134000000.0,-22000000.0,311000000.0,0.317671,,,,20000000.0,123000000.0,0.138372,-0.212389,-0.133243,0.024018,0.039245,0.039245,0.172487,0.172986,60000000.0,,79000000.0,0.080695,,723000000.0,0.0,4.4062,0.375,EA,4646000000.0,2729000000.0,2729000000.0,298000000.0,2585000000.0,1574000000.0,2729000000.0,2729000000.0,681000000.0,-1000000.0,1917000000.0,4646000000.0,1524000000.0,343000000.0,598000000.0,83000000.0,-3000000.0,0.0,80000000.0,979000000.0,325500000.0,325000000.0,325000000.0
55000000.0,103000000.0,620000000.0,,15000000.0,113000000.0,15.991,16.0042,0.8531,0.0,2733.241111111111,2695.2611111111114,0.29,0.29,8.2892,11000000.0,1057000000.0,6000000.0,,30.656,19.53,23.6,,2420000000.0,1.0,1.4791,0.272393,-0.728521,490000000.0,43000000.0,2011-03-31,0.0,0.0,0.0,0.0,48000000.0,48000000.0,-667000000.0,1063000000.0,0.29,30.6749,0.0,0.0,22.8254,22.8065,-0.072582,98000000.0,146000000.0,1.752577,0.179141,0.114504,1.404959,0.120245,0.209877,-16000000.0,-0.032258,3050800000.0,1.402778,1.9,nm,nm,nm,2.9851,nm,9.1892,0.7976,8.9265,nm,-1.262745,-0.6969,-198838709.7,1090000000.0,0.727607,,-3000000.0,-344000000.0,185000000.0,0.94898,1022000000.0,0.415512,300000000.0,0.39427,4.3865,11.899,1000000.0,,1.5587,,0.0,0.0,0.0,4780800000.0,127000000.0,1000000.0,-53000000.0,-148000000.0,1000000.0,-53000000.0,-148000000.0,-216000000.0,-1730000000.0,96000000.0,96000000.0,1.410256,2.2,96000000.0,82000000.0,5161290.3,-1730000000.0,516000000.0,-0.002575,52000000.0,0.0,0.0,49000000.0,231000000.0,101161290.3,1.455252,0.124124,2.250162,1063000000.0,0.54878,-1.58498,-13.454545,222000000.0,0.120245,815000000.0,0.607362,0.102585,270000000.0,,,,,177000000.0,97000000.0,2000000.0,,0.0,1.7372,nm,1.2499,3.2368,0.117791,-148000000.0,-11000000.0,275000000.0,0.337423,,,,2000000.0,219000000.0,0.265528,-0.167518,-0.381208,0.100491,0.163259,0.163259,0.544467,0.547042,106000000.0,,74000000.0,0.090798,,673000000.0,0.0,4.4488,1.032258,EA,4245000000.0,2752000000.0,2752000000.0,222000000.0,2228000000.0,1165000000.0,2752000000.0,2752000000.0,593000000.0,-5000000.0,1493000000.0,4245000000.0,1501000000.0,328000000.0,495000000.0,98000000.0,-5000000.0,0.0,93000000.0,815000000.0,331000000.0,328000000.0,332000000.0
205000000.0,444000000.0,620000000.0,,15000000.0,144000000.0,6.431,6.7303,0.7725,0.0,2695.2611111111114,2502.065555555556,-0.61,-0.61,8.0182,12000000.0,1056000000.0,1000000.0,,45.5647,23.6,20.45,,2476000000.0,1.0,1.5896,0.575277,-0.636673,743000000.0,22000000.0,2011-06-30,0.0,0.0,0.0,0.0,46000000.0,46000000.0,-740000000.0,917000000.0,-0.61,48.0888,0.0,0.0,56.7567,54.2326,-0.029014,-246000000.0,-200000000.0,0.450549,-0.316957,-2.369863,0.4,-0.389857,-3.510204,20000000.0,0.077982,3754227500.0,0.495868,-3.103448,nm,234.6392,nm,3.8269,nm,19.5533,1.0235,6.7989,nm,-1.863369,-0.693,-569348623.9,1094000000.0,0.424723,,-17000000.0,8000000.0,168000000.0,0.886179,981000000.0,0.523292,337000000.0,-0.040117,4.5145,7.5901,16000000.0,,1.7937,,0.0,0.0,0.0,5411227500.0,173000000.0,16000000.0,97000000.0,-134000000.0,16000000.0,97000000.0,-134000000.0,-1000000.0,-1657000000.0,-201000000.0,-201000000.0,0.485934,-3.09375,-201000000.0,155000000.0,-31348623.9,-1657000000.0,510000000.0,0.017088,13000000.0,0.0,0.0,48000000.0,181000000.0,-232348623.9,0.404333,-0.368223,-3.296814,917000000.0,-23.333333,0.094595,-11.166667,363000000.0,-0.399366,631000000.0,0.824089,-0.301179,207000000.0,,6000000.0,,,189000000.0,107000000.0,-28000000.0,,0.0,2.0513,nm,1.4753,3.9326,-0.318542,-114000000.0,-12000000.0,277000000.0,0.438986,,,,6000000.0,18000000.0,-0.199239,-0.225767,1.163917,-0.246085,-0.498411,-0.498411,-1.662328,-1.679416,223000000.0,,77000000.0,0.122029,,601000000.0,0.0,4.1824,0.922018,EA,4494000000.0,2638000000.0,2638000000.0,363000000.0,2485000000.0,1568000000.0,2638000000.0,2638000000.0,268000000.0,28000000.0,1856000000.0,4494000000.0,1499000000.0,288000000.0,520000000.0,-252000000.0,34000000.0,0.0,-218000000.0,631000000.0,329000000.0,329000000.0,329000000.0
162000000.0,390000000.0,746000000.0,-16000000.0,14000000.0,155000000.0,8.4425,7.8599,0.7196,0.0,2502.065555555556,2604.3042857142855,-0.97,-0.97,7.1024,15000000.0,1353000000.0,4000000.0,,34.1391,20.45,20.6,,2507000000.0,1.0,1.95,0.556505,0.002228,1100000000.0,22000000.0,2011-09-30,0.0,0.0,0.0,0.0,44000000.0,44000000.0,-1265000000.0,706000000.0,-0.97,30.9343,0.0,0.0,43.2335,46.4383,-0.073003,-303000000.0,-259000000.0,-3.245902,-0.245964,-0.295,-1.779817,-0.287749,-0.231707,-1000000.0,-0.062706,3467160000.0,-2.88,-0.590164,nm,nm,2589.2095,8.9591,nm,10.8349,0.9969,6.6122,nm,1.186178,-0.7575,106000000.0,1107000000.0,0.443495,,19000000.0,577000000.0,160000000.0,1.0,387000000.0,-0.525153,-428000000.0,-0.605505,5.787,11.7992,,,1.95,,0.0,0.0,0.0,5438160000.0,253000000.0,,-51000000.0,349000000.0,,-51000000.0,349000000.0,297000000.0,-1971000000.0,-322000000.0,-322000000.0,-2.926829,-0.60199,-322000000.0,105000000.0,0.0,-1971000000.0,502000000.0,0.0,50000000.0,0.0,0.0,44000000.0,188000000.0,-322000000.0,-3.036927,-0.305793,-0.385849,706000000.0,0.579186,3.604478,23.266667,586000000.0,-0.287749,1053000000.0,0.731244,-0.207075,226000000.0,,,,,200000000.0,173000000.0,1000000.0,,0.0,2.3063,nm,1.5636,4.9846,-0.305793,-105000000.0,-15000000.0,273000000.0,0.259259,,,,154000000.0,-304000000.0,-0.152856,0.66878,1.340521,-0.22006,-0.42911,-0.42911,-1.769631,-1.769631,85000000.0,,75000000.0,0.071225,,618000000.0,0.0,3.2861,1.062706,EA,4727000000.0,2358000000.0,2358000000.0,586000000.0,2714000000.0,2008000000.0,2358000000.0,2358000000.0,467000000.0,,2369000000.0,4727000000.0,1511000000.0,361000000.0,770000000.0,-303000000.0,,0.0,-303000000.0,1053000000.0,332000000.0,332000000.0,332000000.0
228000000.0,335000000.0,768000000.0,,13000000.0,219000000.0,9.3981,13.268,0.7497,-0.210145,2604.3042857142855,3092.6712500000003,0.45,0.45,7.7697,21000000.0,1579000000.0,10000000.0,,10.2216,20.6,16.485,0.0,2498000000.0,1.0,1.8088,0.300917,0.183688,1005000000.0,56000000.0,2011-12-31,0.0,0.0,0.0,0.0,-318000000.0,-318000000.0,-1206000000.0,1031000000.0,0.45,21.5494,0.0,0.0,38.8376,27.5098,-0.042825,149000000.0,-169000000.0,-2.290076,-0.155046,0.34749,0.839506,0.136697,1.491749,21000000.0,-0.013423,4207900000.0,3.5,1.463918,nm,nm,43.2223,12.8682,nm,nm,1.1724,6.8362,7.292419,4.216475,-0.7997,552946308.7,1110000000.0,0.699083,,-2000000.0,-457000000.0,144000000.0,1.0,327000000.0,-0.553888,-406000000.0,-0.155039,6.7717,16.9379,17000000.0,,1.8088,,0.0,0.0,0.0,6444900000.0,228000000.0,-40000000.0,-8000000.0,-387000000.0,-40000000.0,-8000000.0,-387000000.0,226000000.0,-2237000000.0,703000000.0,703000000.0,4.033333,1.468944,151000000.0,77000000.0,-4053691.3,-2237000000.0,513000000.0,0.001915,-315000000.0,0.0,0.0,49000000.0,229000000.0,146946308.7,3.721167,0.134813,1.456355,1031000000.0,-2.529644,-2.108883,-18.428571,328000000.0,0.133028,1090000000.0,0.566055,0.102487,327000000.0,1000000.0,4000000.0,,640000000.0,80000000.0,134000000.0,8000000.0,,0.0,2.5136,nm,1.7957,4.9198,0.138532,-147000000.0,-21000000.0,299000000.0,0.274312,,,-58000000.0,-1000000.0,-153000000.0,0.113381,0.035138,-0.728558,0.103863,0.184356,0.184356,0.912914,0.910999,160000000.0,,70000000.0,0.06422,,658000000.0,0.0,3.9697,1.013423,EA,4928000000.0,2564000000.0,2564000000.0,328000000.0,3032000000.0,2001000000.0,2564000000.0,2564000000.0,762000000.0,,2364000000.0,4928000000.0,1383000000.0,363000000.0,617000000.0,145000000.0,4000000.0,0.0,149000000.0,1090000000.0,328600000.0,330000000.0,330000000.0
91000000.0,30000000.0,604000000.0,-25000000.0,13000000.0,240000000.0,20.7808,56.7368,0.8774,-0.986755,3092.6712500000003,2879.0075,0.67,0.67,8.1602,32000000.0,1173000000.0,-18000000.0,,7.7565,16.485,12.35,0.0,2442000000.0,1.0,1.5631,0.24024,-0.077545,530000000.0,58000000.0,2012-03-31,0.0,0.0,0.0,0.0,43000000.0,43000000.0,-719000000.0,1129000000.0,0.66,18.8876,0.0,0.0,17.5643,6.4332,-0.018986,230000000.0,273000000.0,0.869863,0.273273,2.615385,1.346939,0.23023,0.543624,7000000.0,0.03913,6105200000.0,1.275862,0.466667,nm,nm,nm,6.7685,nm,nm,1.6181,7.312,2.700461,-0.388517,-0.6503,338117391.3,1132000000.0,0.75976,,9000000.0,-576000000.0,134000000.0,1.0,902000000.0,-0.117417,-120000000.0,1.75841,3.922,19.3248,14000000.0,,1.5631,,0.0,0.0,0.0,7953200000.0,140000000.0,-75000000.0,-64000000.0,-274000000.0,-75000000.0,-64000000.0,-274000000.0,-406000000.0,-1848000000.0,221000000.0,221000000.0,1.302083,0.463576,221000000.0,75000000.0,-2882608.7,-1848000000.0,516000000.0,0.001611,38000000.0,0.0,0.0,49000000.0,234000000.0,218117391.3,1.156135,0.218336,0.484334,1129000000.0,-0.851351,0.29199,-8.5625,240000000.0,0.227227,999000000.0,0.532533,0.202014,343000000.0,2000000.0,3000000.0,,,170000000.0,146000000.0,2000000.0,,0.0,2.8921,nm,2.1079,5.3593,0.221221,-90000000.0,-32000000.0,285000000.0,0.285285,,,-91000000.0,18000000.0,68000000.0,0.225767,-0.083486,-0.555825,0.194109,0.300496,0.300496,0.856321,0.85471,83000000.0,,74000000.0,0.074074,,675000000.0,0.0,4.4036,0.96087,EA,4355000000.0,2750000000.0,2750000000.0,240000000.0,2354000000.0,1225000000.0,2750000000.0,2750000000.0,759000000.0,,1605000000.0,4355000000.0,1485000000.0,380000000.0,532000000.0,227000000.0,3000000.0,0.0,230000000.0,999000000.0,329900000.0,331000000.0,337000000.0
213000000.0,562000000.0,792000000.0,-632000000.0,13000000.0,258000000.0,7.5885,7.668,0.7769,-0.851724,2879.0075,3140.137142857143,-1.03,-1.03,7.6946,26000000.0,930000000.0,9000000.0,,27.6935,12.35,12.69,0.0,2554000000.0,0.827631,1.9175,0.604196,-0.689889,849000000.0,97000000.0,2012-06-30,529000000.0,-1.093,0.2083,0.172369,51000000.0,51000000.0,-785000000.0,714000000.0,-1.03,28.192,0.0,0.0,48.099,47.6005,-0.042959,-380000000.0,-329000000.0,-0.645,-0.46014,-2.205128,-0.544715,-0.531469,-2.652174,-20000000.0,0.105263,5780545000.0,-0.688525,-2.560606,nm,nm,nm,3.6819,nm,nm,1.4987,7.4031,-0.62226,-3.731689,-0.5073,-923631578.9,1700000000.0,0.395804,,-40000000.0,47000000.0,416000000.0,1.0,1570000000.0,0.600408,589000000.0,0.740576,3.0239,12.9469,86000000.0,617000000.0,1.9175,529000000.0,529000000.0,0.172369,0.2083,6750545000.0,222000000.0,499000000.0,-511000000.0,-211000000.0,499000000.0,-511000000.0,-211000000.0,-243000000.0,-970000000.0,-340000000.0,-340000000.0,-0.691542,-2.538462,-340000000.0,90000000.0,5368421.1,-970000000.0,532000000.0,-0.004087,31000000.0,0.0,0.0,45000000.0,271000000.0,-334631578.9,-0.440213,-0.468016,-2.534181,714000000.0,-0.574627,0.229927,-8.115385,432000000.0,-0.523077,715000000.0,0.918881,-0.412906,320000000.0,-106000000.0,-6000000.0,,,174000000.0,241000000.0,17000000.0,,0.0,2.6577,nm,1.7502,15.9211,-0.475524,-89000000.0,-52000000.0,318000000.0,0.444755,,,-98000000.0,-1000000.0,-272000000.0,0.133122,-0.284284,0.715932,-0.369443,-0.699307,-0.699307,-1.41524,-1.411153,236000000.0,26000000.0,88000000.0,0.123077,,569000000.0,0.0,1.2845,0.894737,EA,5435000000.0,3069000000.0,2540000000.0,432000000.0,2568000000.0,1854000000.0,2540000000.0,2540000000.0,283000000.0,,2895000000.0,5435000000.0,2335000000.0,1041000000.0,657000000.0,-374000000.0,-6000000.0,0.0,-380000000.0,715000000.0,330100000.0,331000000.0,330100000.0
112000000.0,526000000.0,846000000.0,-19000000.0,11000000.0,190000000.0,11.3285,8.4389,0.7416,-1.66474,3140.137142857143,2998.25,-0.62,-0.62,6.8512,44000000.0,1242000000.0,5000000.0,,31.4932,12.69,14.52,0.0,2552000000.0,0.809218,2.2546,0.520264,-1.126845,1439000000.0,92000000.0,2012-09-30,534000000.0,-1.467,0.2358,0.190782,54000000.0,54000000.0,-1382000000.0,409000000.0,-0.62,20.4607,0.0,0.0,32.2197,43.2523,-0.025402,-193000000.0,-139000000.0,0.46332,-0.131008,0.577508,0.363036,-0.181904,0.492105,-13000000.0,-0.062176,5553360000.0,0.360825,0.398058,nm,nm,nm,5.5093,nm,nm,1.4368,7.3689,-8.692248,0.117204,-0.6982,-815378238.3,1716000000.0,0.479736,,12000000.0,581000000.0,402000000.0,1.0,1008000000.0,1.604651,621000000.0,-0.357962,5.5412,17.8391,4000000.0,,2.2546,534000000.0,534000000.0,0.190782,0.2358,6810360000.0,269000000.0,-36000000.0,-114000000.0,475000000.0,-36000000.0,-114000000.0,475000000.0,312000000.0,-1257000000.0,-205000000.0,-205000000.0,0.363354,0.397059,-205000000.0,69000000.0,10621761.7,-1257000000.0,547000000.0,-0.006581,45000000.0,0.0,0.0,44000000.0,265000000.0,-194378238.3,0.396341,-0.183203,0.419128,409000000.0,0.361032,3.251185,10.795455,552000000.0,-0.172479,1061000000.0,0.652215,-0.134905,328000000.0,1000000.0,-10000000.0,,,181000000.0,235000000.0,-11000000.0,,0.0,3.0068,nm,1.7621,46.329,-0.193214,-195000000.0,-44000000.0,325000000.0,0.306315,,,-41000000.0,0.0,-477000000.0,0.007597,0.483916,0.704243,-0.143293,-0.310924,-0.310924,-1.015167,-1.008586,144000000.0,,98000000.0,0.092366,,549000000.0,0.0,0.4446,1.062176,EA,5696000000.0,2799000000.0,2265000000.0,552000000.0,2806000000.0,2397000000.0,2265000000.0,2265000000.0,509000000.0,0.0,3431000000.0,5696000000.0,2343000000.0,1034000000.0,692000000.0,-183000000.0,-10000000.0,0.0,-193000000.0,1061000000.0,330600000.0,332000000.0,330600000.0
215000000.0,366000000.0,857000000.0,,6000000.0,173000000.0,7.2144,11.8203,0.7953,6.197368,2998.25,3246.57,1.21,1.21,7.3155,44000000.0,1293000000.0,,2000000.0,-4.1818,14.52,17.7,0.0,2362000000.0,0.820153,2.0747,0.273392,-0.912844,1048000000.0,67000000.0,2012-12-31,539000000.0,2.3034,0.2193,0.179847,68000000.0,68000000.0,-1360000000.0,489000000.0,1.22,15.5319,0.0,0.0,50.5929,30.8792,0.013721,361000000.0,429000000.0,3.538462,0.313596,4.086331,1.422819,0.263889,2.870466,12000000.0,-0.108033,4228960000.0,1.711111,2.967742,234.9422,18.0725,nm,3.6838,28.617,15.267,1.0207,7.6651,-1.75336,0.489111,-0.7063,-416567867.0,1718000000.0,0.726608,,-39000000.0,-231000000.0,369000000.0,1.0,1148000000.0,2.510703,821000000.0,0.138889,5.6176,23.5,18000000.0,,2.0747,539000000.0,539000000.0,0.179847,0.2193,5538960000.0,252000000.0,-248000000.0,,287000000.0,-248000000.0,,287000000.0,51000000.0,-1310000000.0,400000000.0,400000000.0,1.649007,2.95122,400000000.0,59000000.0,4432133.0,-1310000000.0,568000000.0,-0.002499,50000000.0,0.0,0.0,42000000.0,197000000.0,404432133.0,1.752244,0.295638,3.080645,489000000.0,1.741602,-0.395789,6.522727,374000000.0,0.266813,1368000000.0,0.459795,0.209865,268000000.0,-25000000.0,-4000000.0,75000000.0,,185000000.0,177000000.0,-8000000.0,11000000.0,0.0,2.2534,72.8811,1.3369,14.9298,0.292398,-94000000.0,-44000000.0,252000000.0,0.184211,,,-241000000.0,-1000000.0,-77000000.0,0.255046,0.28935,-1.174762,0.232537,0.486019,0.486019,1.660781,1.66328,63000000.0,,117000000.0,0.085526,,556000000.0,0.0,1.1042,1.108033,EA,5491000000.0,2997000000.0,2458000000.0,374000000.0,2609000000.0,2120000000.0,2458000000.0,2458000000.0,994000000.0,,3033000000.0,5491000000.0,2314000000.0,913000000.0,629000000.0,365000000.0,-4000000.0,0.0,361000000.0,1368000000.0,330400000.0,331000000.0,336000000.0
50000000.0,111000000.0,702000000.0,0.0,7000000.0,115000000.0,22.1702,58.1418,0.893,8.053571,3246.57,3367.4085714285716,0.63,0.63,7.975,31000000.0,919000000.0,8000000.0,,5.5772,17.7,22.99,0.0,2313000000.0,0.824289,1.7314,0.21466,-1.093396,584000000.0,68000000.0,2013-03-31,544000000.0,2.3965,0.2132,0.175711,56000000.0,56000000.0,-824000000.0,615000000.0,0.63,15.763,0.0,0.0,16.4635,6.2778,0.01417,210000000.0,266000000.0,-0.025641,0.278534,-0.379953,-0.086957,0.219895,-0.418283,-18000000.0,0.042857,3057000000.0,-0.045455,-0.483607,nm,13.467,nm,1.8449,nm,9.9577,0.7458,7.6331,-2.62433,-0.318427,-0.5174,-549214285.7,1716000000.0,0.78534,,9000000.0,-547000000.0,347000000.0,1.0,1657000000.0,0.837029,755000000.0,0.44338,3.2036,23.1556,0.0,,1.7314,544000000.0,544000000.0,0.175711,0.2132,3952000000.0,151000000.0,-72000000.0,-40000000.0,-244000000.0,-72000000.0,-40000000.0,-244000000.0,-374000000.0,-895000000.0,201000000.0,201000000.0,-0.090498,-0.4975,201000000.0,60000000.0,4785714.3,-895000000.0,558000000.0,-0.003489,46000000.0,0.0,0.0,44000000.0,200000000.0,205785714.3,-0.056537,0.215482,-0.491174,615000000.0,0.109489,-1.850174,-7.870968,205000000.0,0.225131,955000000.0,0.560209,0.196373,273000000.0,-1000000.0,-5000000.0,,,209000000.0,193000000.0,-20000000.0,,0.0,1.5486,70.5714,0.9641,8.0818,0.210471,-137000000.0,-31000000.0,282000000.0,0.295288,,,-71000000.0,27000000.0,124000000.0,-0.044044,-0.301901,-0.358943,0.187957,0.331376,0.331376,0.690318,0.693808,128000000.0,,88000000.0,0.092147,,520000000.0,0.0,1.5281,0.957143,EA,4825000000.0,3096000000.0,2552000000.0,205000000.0,1951000000.0,1336000000.0,2552000000.0,2552000000.0,750000000.0,,2273000000.0,4825000000.0,2316000000.0,937000000.0,535000000.0,215000000.0,-5000000.0,0.0,210000000.0,955000000.0,319000000.0,317000000.0,320000000.0
219000000.0,643000000.0,874000000.0,-10000000.0,7000000.0,149000000.0,7.2963,6.7967,0.7708,30.733333,3367.4085714285716,3772.8385714285714,-1.21,-1.21,6.8403,25000000.0,871000000.0,9000000.0,2000000.0,22.321,22.99,25.55,0.0,2262000000.0,0.796892,2.2637,0.625879,0.156525,953000000.0,64000000.0,2013-06-30,549000000.0,2.25,0.2549,0.203108,56000000.0,56000000.0,-1029000000.0,286000000.0,-1.21,18.6437,0.0,0.0,50.0254,53.7027,0.003754,-368000000.0,-312000000.0,0.051672,-0.438819,-2.172932,0.031579,-0.517581,-2.752381,15000000.0,-0.035326,3230081000.0,-0.174757,-2.920635,323.0081,13.238,13.9528,2.3271,65.2542,6.592,0.7888,7.4931,0.78903,0.645205,-0.3698,-194858695.7,1723000000.0,0.374121,,13000000.0,253000000.0,334000000.0,1.0,1388000000.0,-0.115924,-182000000.0,-0.162342,2.7688,19.5776,18000000.0,,2.2637,549000000.0,549000000.0,0.203108,0.2549,3996081000.0,219000000.0,-117000000.0,82000000.0,-28000000.0,-117000000.0,82000000.0,-28000000.0,-48000000.0,-766000000.0,-381000000.0,-381000000.0,-0.120588,-2.895522,-381000000.0,71000000.0,4141304.3,-766000000.0,561000000.0,-0.004771,44000000.0,0.0,0.0,49000000.0,211000000.0,-376858695.7,-0.12619,-0.53004,-2.831316,286000000.0,0.867299,0.885246,-1.12,445000000.0,-0.511955,711000000.0,0.886076,-0.398926,239000000.0,-25000000.0,-4000000.0,25000000.0,,192000000.0,231000000.0,,0.0,0.0,1.8552,266.4054,0.9758,41.1967,-0.535865,-60000000.0,-25000000.0,306000000.0,0.43038,,-2000000.0,-108000000.0,-2000000.0,-257000000.0,-0.005594,-0.255497,0.540987,-0.413018,-0.926569,-0.926569,-1.467556,-1.462785,152000000.0,,100000000.0,0.140647,,444000000.0,0.0,0.308,1.035326,EA,5191000000.0,2703000000.0,2154000000.0,445000000.0,2332000000.0,2046000000.0,2154000000.0,2154000000.0,266000000.0,,3037000000.0,5191000000.0,2298000000.0,991000000.0,630000000.0,-364000000.0,-4000000.0,0.0,-368000000.0,711000000.0,314900000.0,316000000.0,314900000.0
93000000.0,382000000.0,840000000.0,,7000000.0,119000000.0,14.1756,8.7137,0.737,3.297143,3772.8385714285714,4159.8133333333335,-0.15,-0.15,6.5267,25000000.0,1158000000.0,4000000.0,,32.2169,25.55,22.94,0.0,2141000000.0,0.779459,1.7848,0.465293,0.167856,1213000000.0,67000000.0,2013-09-30,554000000.0,1.3781,0.2829,0.220541,66000000.0,66000000.0,-1409000000.0,83000000.0,-0.15,16.0771,0.0,0.0,25.7485,41.8883,0.040174,-47000000.0,19000000.0,1.136691,0.020607,1.060897,0.756477,-0.050976,0.872283,5000000.0,-0.363636,3418000000.0,0.758065,0.876033,21.9103,8.5025,20.0816,3.351,18.759,9.0423,0.864,7.2124,0.920059,0.665492,-0.5198,-65181818.2,1724000000.0,0.534707,,12000000.0,315000000.0,304000000.0,0.702128,1020000000.0,0.011905,12000000.0,-0.26513,3.9014,22.7031,1000000.0,,2.542,554000000.0,554000000.0,0.220541,0.2829,4356000000.0,220000000.0,-158000000.0,77000000.0,363000000.0,-158000000.0,77000000.0,363000000.0,287000000.0,-938000000.0,-45000000.0,-45000000.0,0.780488,0.88189,-45000000.0,59000000.0,-8181818.2,-938000000.0,550000000.0,0.007455,27000000.0,0.0,0.0,47000000.0,213000000.0,-53181818.2,0.7264,-0.057681,0.858881,83000000.0,-0.235789,13.964286,14.52,429000000.0,-0.042299,922000000.0,0.577007,-0.037571,229000000.0,-2000000.0,-8000000.0,,,185000000.0,168000000.0,,-45000000.0,0.0,2.2247,24.8914,1.1011,nm,-0.048807,-47000000.0,-25000000.0,278000000.0,0.301518,,,-157000000.0,2000000.0,-302000000.0,-0.131008,0.296765,0.120842,-0.035972,-0.104193,-0.104193,-0.225035,-0.23249,149000000.0,,70000000.0,0.075922,,334000000.0,0.0,-0.2333,1.363636,EA,5039000000.0,2512000000.0,1958000000.0,429000000.0,2229000000.0,2146000000.0,1958000000.0,1958000000.0,493000000.0,14000000.0,3081000000.0,5039000000.0,2260000000.0,935000000.0,532000000.0,-39000000.0,6000000.0,0.0,-33000000.0,922000000.0,300000000.0,304000000.0,300000000.0
136000000.0,312000000.0,737000000.0,,9000000.0,69000000.0,7.9088,11.2006,0.7191,3.561224,4159.8133333333335,4202.429999999999,1.05,1.05,7.2428,25000000.0,1292000000.0,5000000.0,3000000.0,-0.2835,22.94,29.01,0.0,2177000000.0,0.802194,2.4183,0.255583,0.07612,1044000000.0,52000000.0,2013-12-31,559000000.0,1.5357,0.2466,0.197806,86000000.0,86000000.0,-1272000000.0,408000000.0,1.04,13.2799,0.0,0.0,46.1509,32.5876,0.017689,305000000.0,391000000.0,-0.088578,0.323408,19.578947,-0.155125,0.252275,7.489362,-14000000.0,0.021212,4419100000.0,-0.147541,7.933333,44.191,12.1404,50.6143,3.8561,51.8009,13.6392,1.1638,6.8047,1.730842,5.670711,-0.5145,304445454.5,1721000000.0,0.744417,,7000000.0,-193000000.0,253000000.0,1.081967,1146000000.0,-0.001742,-2000000.0,0.123529,3.3104,27.4851,15000000.0,,2.2351,559000000.0,559000000.0,0.197806,0.2466,5540100000.0,198000000.0,2000000.0,-87000000.0,233000000.0,2000000.0,-87000000.0,233000000.0,134000000.0,-1121000000.0,323000000.0,323000000.0,-0.1925,8.177778,323000000.0,42000000.0,-20554545.5,-1121000000.0,548000000.0,0.01691,17000000.0,0.0,0.0,53000000.0,206000000.0,302445454.5,-0.252173,0.250162,6.687009,408000000.0,-0.188153,-0.358127,9.32,309000000.0,0.255583,1209000000.0,0.488834,0.181401,239000000.0,,-4000000.0,6000000.0,,170000000.0,121000000.0,20000000.0,-19000000.0,0.0,2.4438,56.5316,1.4591,18.9082,0.267163,-170000000.0,-25000000.0,287000000.0,0.237386,,,-13000000.0,,21000000.0,-0.116228,0.31128,-0.41737,0.192106,0.410759,0.410759,0.828129,0.811219,102000000.0,,96000000.0,0.079404,,388000000.0,0.0,0.9361,0.978788,EA,5070000000.0,2826000000.0,2267000000.0,309000000.0,2325000000.0,1917000000.0,2267000000.0,2267000000.0,900000000.0,25000000.0,2803000000.0,5070000000.0,2197000000.0,886000000.0,591000000.0,309000000.0,21000000.0,0.0,330000000.0,1209000000.0,306300000.0,310000000.0,313000000.0
48000000.0,120000000.0,588000000.0,-5000000.0,4000000.0,56000000.0,28.102,32.8225,0.804,2.336134,4202.429999999999,4378.857142857143,0.73,0.73,7.9872,29000000.0,1056000000.0,6000000.0,,11.518,29.01,35.87,0.0,2193000000.0,0.815445,1.8695,0.204426,0.071082,590000000.0,51000000.0,2014-03-31,564000000.0,1.4764,0.2263,0.184555,56000000.0,56000000.0,-753000000.0,658000000.0,0.71,13.386,0.0,0.0,12.9884,11.1204,0.01659,228000000.0,284000000.0,0.067669,0.299262,-0.273657,0.085714,0.240253,-0.252459,-7000000.0,0.026316,6325880000.0,0.126984,-0.317308,53.6092,16.5599,53.903,3.8455,60.0425,19.7684,1.6687,6.9242,1.434928,-0.215398,-0.3454,238868421.1,1722000000.0,0.795574,,6000000.0,-559000000.0,234000000.0,1.0,1645000000.0,-0.007242,-12000000.0,0.435428,2.2962,27.2673,22000000.0,,1.8695,564000000.0,564000000.0,0.184555,0.2263,7172880000.0,147000000.0,21000000.0,-2000000.0,-248000000.0,21000000.0,-2000000.0,-248000000.0,-236000000.0,-847000000.0,222000000.0,222000000.0,0.104478,-0.312693,222000000.0,41000000.0,4868421.1,-847000000.0,537000000.0,-0.005589,33000000.0,0.0,0.0,50000000.0,202000000.0,226868421.1,0.10245,0.239061,-0.249886,658000000.0,-0.016393,-2.064378,-8.551724,194000000.0,0.245522,949000000.0,0.550053,0.19317,261000000.0,-1000000.0,-5000000.0,,,178000000.0,121000000.0,,7000000.0,0.0,2.8784,60.2763,1.8921,13.3822,0.23393,-101000000.0,-29000000.0,278000000.0,0.29294,,,0.0,1000000.0,243000000.0,-0.006283,-0.215054,-0.191508,0.188087,0.357419,0.357419,0.548927,0.554516,133000000.0,,85000000.0,0.089568,,355000000.0,0.0,1.7179,0.973684,EA,4605000000.0,3056000000.0,2492000000.0,194000000.0,1884000000.0,1226000000.0,2492000000.0,2492000000.0,755000000.0,,2113000000.0,4605000000.0,2184000000.0,887000000.0,522000000.0,233000000.0,-5000000.0,0.0,228000000.0,949000000.0,304100000.0,304000000.0,312000000.0
208000000.0,594000000.0,708000000.0,,4000000.0,62000000.0,6.2998,6.1035,0.7382,0.748899,4378.857142857143,4509.9685714285715,-0.89,-0.89,7.4221,24000000.0,1090000000.0,9000000.0,3000000.0,19.367,35.87,35.61,0.0,2254000000.0,0.80042,2.3034,0.594245,0.116778,935000000.0,51000000.0,2014-06-30,570000000.0,1.1633,0.2493,0.19958,56000000.0,56000000.0,-929000000.0,489000000.0,-0.89,17.5037,0.0,0.0,57.9387,59.802,0.028846,-260000000.0,-204000000.0,0.346154,-0.293525,-1.71831,0.293478,-0.374101,-2.140351,9000000.0,-0.05,7021400000.0,0.264463,-2.253521,31.0681,14.3294,42.552,4.8828,32.6565,20.5304,1.86,6.9076,-0.614503,-2.317043,-0.3635,-314600000.0,1726000000.0,0.405755,,13000000.0,173000000.0,216000000.0,1.0,1438000000.0,0.036023,50000000.0,-0.125836,2.6716,20.8527,28000000.0,,2.3034,570000000.0,570000000.0,0.19958,0.2493,7869400000.0,164000000.0,28000000.0,3000000.0,-6000000.0,28000000.0,3000000.0,-6000000.0,34000000.0,-848000000.0,-273000000.0,-273000000.0,0.283465,-2.22973,-273000000.0,58000000.0,8400000.0,-848000000.0,532000000.0,-0.010409,38000000.0,0.0,0.0,48000000.0,208000000.0,-264600000.0,0.29788,-0.380719,-2.166315,489000000.0,0.785714,0.975806,-0.25,413000000.0,-0.36259,695000000.0,0.768345,-0.276177,219000000.0,,-8000000.0,,,174000000.0,121000000.0,,-44000000.0,0.0,3.4424,34.667,2.0846,22.8762,-0.392806,-90000000.0,-24000000.0,283000000.0,0.407194,,,,-2000000.0,-30000000.0,-0.022504,-0.26765,0.36596,-0.289986,-0.651178,-0.651178,-1.017138,-1.006729,117000000.0,,129000000.0,0.185612,,328000000.0,0.0,1.1169,1.05,EA,5036000000.0,2856000000.0,2286000000.0,413000000.0,2340000000.0,1851000000.0,2286000000.0,2286000000.0,282000000.0,,2750000000.0,5036000000.0,2164000000.0,899000000.0,534000000.0,-252000000.0,-8000000.0,0.0,-260000000.0,695000000.0,306700000.0,308000000.0,308000000.0
137000000.0,526000000.0,823000000.0,,4000000.0,52000000.0,12.4609,8.0639,0.69,-0.361111,4509.9685714285715,4778.2242857142855,-1.0,-1.0,6.4854,28000000.0,1746000000.0,6000000.0,,30.4904,35.61,47.015,0.0,2290000000.0,0.777045,2.6784,0.639851,nm,1699000000.0,51000000.0,2014-09-30,575000000.0,2.4892,0.2869,0.222955,58000000.0,58000000.0,-1808000000.0,262000000.0,-1.0,14.5185,0.0,0.0,29.2917,45.2636,-0.005079,-298000000.0,-240000000.0,-13.631579,-0.29703,-0.176471,-5.340426,-0.368812,-0.146154,-4000000.0,-0.033557,5593460000.0,-5.666667,-0.123596,nm,24.2141,nm,10.9891,nm,8.4239,1.5279,6.8558,4.209505,1.664976,-0.6141,209201342.3,1725000000.0,0.360149,,10000000.0,894000000.0,196000000.0,1.0,509000000.0,-0.50098,-511000000.0,-0.646036,4.7888,25.1404,1000000.0,,2.6784,575000000.0,575000000.0,0.222955,0.2869,7088460000.0,214000000.0,1000000.0,-26000000.0,685000000.0,1000000.0,-26000000.0,685000000.0,656000000.0,-1495000000.0,-308000000.0,-308000000.0,-5.844444,-0.128205,-308000000.0,55000000.0,6201342.3,-1495000000.0,518000000.0,-0.005098,41000000.0,0.0,0.0,46000000.0,211000000.0,-301798657.7,-4.674847,-0.373513,-0.140584,262000000.0,0.887052,115.166667,24.464286,517000000.0,-0.361386,808000000.0,0.721535,-0.25447,219000000.0,,-6000000.0,,,167000000.0,124000000.0,,0.0,0.0,3.5372,nm,1.9362,85.4031,-0.381188,-79000000.0,-28000000.0,275000000.0,0.340347,,,,-1000000.0,-338000000.0,-0.123644,0.16259,1.095258,-0.26301,-0.693404,-0.693404,-1.788662,-1.783564,81000000.0,,91000000.0,0.112624,,324000000.0,0.0,0.2686,1.033557,EA,5573000000.0,2579000000.0,2004000000.0,517000000.0,2921000000.0,2659000000.0,2004000000.0,2004000000.0,291000000.0,,3569000000.0,5573000000.0,2134000000.0,910000000.0,583000000.0,-292000000.0,-6000000.0,0.0,-298000000.0,808000000.0,308000000.0,309000000.0,309000000.0
119000000.0,327000000.0,781000000.0,,4000000.0,37000000.0,10.5647,11.1894,0.6629,0.0,4778.2242857142855,4926.4457142857145,1.19,1.19,7.6646,16000000.0,1782000000.0,8000000.0,3000000.0,11.3489,47.015,58.815,0.0,2356000000.0,0.806795,2.3003,0.198575,0.613252,1490000000.0,74000000.0,2014-12-31,580000000.0,2.4786,0.2395,0.193205,57000000.0,57000000.0,-1617000000.0,748000000.0,1.21,13.2777,0.0,0.0,34.549,32.6203,0.000873,337000000.0,394000000.0,0.007673,0.350846,2.641667,0.104918,0.300089,2.130872,-8000000.0,-0.089021,7382160000.0,0.163462,2.21,1054.5943,31.5477,13.5028,11.5889,195.7391,10.3682,2.0649,6.758,1.902402,3.223793,-0.6197,883623145.4,1723000000.0,0.801425,,-30000000.0,-183000000.0,177000000.0,1.0,637000000.0,-0.444154,-509000000.0,0.251473,4.0101,27.4898,26000000.0,,2.3003,580000000.0,580000000.0,0.193205,0.2395,9167160000.0,155000000.0,39000000.0,-276000000.0,281000000.0,39000000.0,-276000000.0,281000000.0,36000000.0,-1785000000.0,367000000.0,367000000.0,0.136223,2.191558,367000000.0,56000000.0,7623145.4,-1785000000.0,510000000.0,-0.005246,40000000.0,0.0,0.0,28000000.0,207000000.0,374623145.4,0.238647,0.333591,2.241302,748000000.0,0.206009,-0.589781,17.5625,223000000.0,0.306322,1123000000.0,0.495102,0.198928,316000000.0,13000000.0,-7000000.0,,,140000000.0,117000000.0,,2000000.0,0.0,3.785,1145.895,2.5642,17.5616,0.326803,-330000000.0,-16000000.0,289000000.0,0.257346,0.0,,,1000000.0,29000000.0,-0.071133,0.389851,-0.83231,0.216637,0.505424,0.505424,1.337733,1.34298,70000000.0,,105000000.0,0.0935,0.0,583000000.0,0.0,1.6519,1.089021,EA,5716000000.0,3002000000.0,2422000000.0,223000000.0,3138000000.0,2390000000.0,2422000000.0,2422000000.0,900000000.0,,3294000000.0,5716000000.0,2068000000.0,904000000.0,556000000.0,344000000.0,-7000000.0,0.0,337000000.0,1123000000.0,266700000.0,308000000.0,316000000.0
69000000.0,219000000.0,666000000.0,,3000000.0,61000000.0,25.9829,22.6549,0.7618,0.413223,4926.4457142857145,5082.072857142857,1.07,1.07,8.4255,27000000.0,1554000000.0,8000000.0,0.0,11.4288,58.815,66.5,0.0,2288000000.0,0.82237,1.9368,0.302306,0.615969,1051000000.0,58000000.0,2015-03-31,586000000.0,1.6278,0.216,0.17763,56000000.0,56000000.0,-1172000000.0,1144000000.0,1.04,9.3651,0.0,0.0,14.0477,16.1113,0.010476,354000000.0,410000000.0,0.443662,0.337727,0.040609,0.552632,0.291598,0.050445,8000000.0,0.053672,9820140000.0,0.464789,-0.140496,73.8356,27.2782,12.1329,9.99,66.6299,10.1869,2.5573,7.3846,3.20554,0.136877,-0.4951,1004570621.5,1726000000.0,0.697694,,19000000.0,-416000000.0,160000000.0,1.0,983000000.0,-0.402432,-662000000.0,0.543171,2.9224,38.9744,5000000.0,,1.9368,586000000.0,586000000.0,0.17763,0.216,11550140000.0,130000000.0,-33000000.0,-207000000.0,4000000.0,-33000000.0,-207000000.0,4000000.0,-228000000.0,-1730000000.0,335000000.0,335000000.0,0.509009,-0.087193,335000000.0,37000000.0,7570621.5,-1730000000.0,503000000.0,-0.005876,29000000.0,0.0,0.0,15000000.0,175000000.0,342570621.5,0.509997,0.282183,-0.085559,1144000000.0,1.016129,-0.985765,0.148148,367000000.0,0.298188,1214000000.0,0.399506,0.222148,300000000.0,12000000.0,-8000000.0,,,142000000.0,216000000.0,,-1000000.0,0.0,4.2573,95.4557,3.0078,13.9663,0.275947,-335000000.0,-27000000.0,265000000.0,0.218287,,,-50000000.0,,364000000.0,0.279241,0.081033,-0.411192,0.210225,0.413454,0.413454,0.824645,0.830521,155000000.0,,88000000.0,0.072488,,762000000.0,0.0,2.5683,0.946328,EA,5476000000.0,3299000000.0,2713000000.0,367000000.0,2930000000.0,1786000000.0,2713000000.0,2713000000.0,847000000.0,,2763000000.0,5476000000.0,2043000000.0,977000000.0,485000000.0,362000000.0,-8000000.0,0.0,354000000.0,1214000000.0,313100000.0,313000000.0,322000000.0
191000000.0,829000000.0,915000000.0,,4000000.0,53000000.0,7.6892,5.8117,0.7473,0.365239,5082.072857142857,4680.105,0.01,0.01,8.2919,21000000.0,1624000000.0,-19000000.0,3000000.0,30.2069,66.5,67.75,0.0,2250000000.0,0.818767,2.2331,0.431313,0.855111,1281000000.0,58000000.0,2015-06-30,591000000.0,0.9263,0.2213,0.181233,56000000.0,56000000.0,-1243000000.0,1145000000.0,0.01,14.8713,0.0,0.0,47.469,62.8047,0.034623,18000000.0,74000000.0,1.362745,0.074747,-0.819512,1.069231,0.018182,-0.949153,-15000000.0,0.833333,9669420000.0,1.011236,-0.990385,23.5266,15.1558,9.7861,11.0761,22.8548,8.3863,2.3384,8.1478,2.808646,-0.433589,-0.5337,569000000.0,1723000000.0,0.568687,,15000000.0,84000000.0,143000000.0,1.0,873000000.0,-0.392907,-565000000.0,-0.111902,3.5785,24.544,21000000.0,,2.2331,591000000.0,591000000.0,0.181233,0.2213,11466420000.0,183000000.0,-72000000.0,-26000000.0,183000000.0,-72000000.0,-26000000.0,183000000.0,70000000.0,-1797000000.0,3000000.0,3000000.0,1.010989,-0.991045,3000000.0,67000000.0,1000000.0,-1797000000.0,483000000.0,-0.000756,40000000.0,0.0,0.0,9000000.0,174000000.0,4000000.0,1.015117,0.00404,-0.988324,1145000000.0,31.5,44.75,8.714286,427000000.0,0.024242,990000000.0,0.544444,0.013587,190000000.0,2000000.0,-6000000.0,,,141000000.0,209000000.0,,-1000000.0,0.0,4.2945,28.8827,2.773,14.2617,0.00303,-202000000.0,-21000000.0,261000000.0,0.263636,,,-95000000.0,,367000000.0,0.42446,-0.184514,-0.00812,0.002264,0.006339,0.006339,0.014459,0.015215,197000000.0,,92000000.0,0.092929,,764000000.0,0.0,2.4969,0.166667,EA,6031000000.0,3261000000.0,2670000000.0,427000000.0,3532000000.0,2387000000.0,2670000000.0,2670000000.0,563000000.0,,3361000000.0,6031000000.0,2016000000.0,974000000.0,539000000.0,24000000.0,-6000000.0,0.0,18000000.0,990000000.0,300000000.0,313000000.0,322000000.0
77000000.0,488000000.0,813000000.0,,4000000.0,23000000.0,13.2523,8.783,0.7586,0.285714,4680.105,5035.83,0.46,0.46,8.3189,15000000.0,2166000000.0,3000000.0,,26.1131,67.75,68.72,0.0,2155000000.0,0.809337,2.4831,0.356128,2.255204,1583000000.0,57000000.0,2015-09-30,596000000.0,0.5483,0.2188,0.179518,53000000.0,53000000.0,-1659000000.0,1281000000.0,0.44,12.098,0.0,0.0,27.5423,41.5574,0.055776,156000000.0,209000000.0,1.870833,0.185613,1.824324,1.52349,0.138544,7.666667,-23000000.0,0.089744,12878845000.0,1.44,43.0,14.8888,11.8481,12.8475,33.8917,14.745,11.199,2.8922,9.097,0.321509,-0.514127,-0.812,276461538.5,1718000000.0,0.643872,,14000000.0,448000000.0,127000000.0,1.0,380000000.0,-0.253438,-129000000.0,-0.564719,10.018,30.1702,5000000.0,,2.4831,0.0,0.0,0.0,0.0,15185845000.0,169000000.0,-90000000.0,-27000000.0,682000000.0,-90000000.0,-27000000.0,682000000.0,542000000.0,-2344000000.0,142000000.0,142000000.0,1.461039,46.333333,142000000.0,39000000.0,5461538.5,-2344000000.0,461000000.0,-0.002845,39000000.0,0.011145,0.007826,6000000.0,173000000.0,147461538.5,1.488609,0.130961,35.865385,685000000.0,-0.00438,2.726776,45.466667,401000000.0,0.143872,1126000000.0,0.5,0.1051,230000000.0,2000000.0,-6000000.0,,,101000000.0,201000000.0,,0.0,0.0,5.6516,17.929,3.4103,18.0354,0.12611,-180000000.0,-15000000.0,283000000.0,0.251332,37000000.0,,-97000000.0,,509000000.0,0.393564,0.137374,-1.067586,0.095668,0.242464,0.244376,1.311962,1.314807,168000000.0,,107000000.0,0.095027,596000000.0,774000000.0,0.179518,2.6068,0.910256,EA,6167000000.0,3320000000.0,2687000000.0,401000000.0,3754000000.0,3069000000.0,2687000000.0,2687000000.0,725000000.0,,3443000000.0,6167000000.0,1952000000.0,374000000.0,563000000.0,162000000.0,-6000000.0,0.0,156000000.0,1126000000.0,308700000.0,311000000.0,323000000.0
68000000.0,362000000.0,794000000.0,,3000000.0,2000000.0,15.2834,13.106,0.7612,0.385143,5035.83,4815.68,1.27,1.27,9.3415,32000000.0,2068000000.0,10000000.0,3000000.0,15.7173,68.72,66.11,0.0,2130000000.0,0.827473,2.1612,0.197468,1.37861,1283000000.0,54000000.0,2015-12-31,602000000.0,0.5258,0.1963,0.164077,55000000.0,55000000.0,-1446000000.0,1575000000.0,1.2,11.7495,0.0,0.0,23.8821,27.8499,0.045776,397000000.0,452000000.0,0.147208,0.381435,1.162679,0.178042,0.335021,1.544872,-26000000.0,0.005038,16726875000.0,-0.008264,1.727273,18.0831,14.6086,18.8843,25.8131,18.6526,15.6765,3.7047,9.3189,-0.562048,0.399778,-0.7659,386984886.6,1713000000.0,0.802532,,2000000.0,-288000000.0,111000000.0,1.0,648000000.0,0.017268,11000000.0,0.705263,7.0272,31.0652,29000000.0,,2.1612,0.0,0.0,0.0,0.0,19114875000.0,165000000.0,-60000000.0,-210000000.0,198000000.0,-60000000.0,-210000000.0,198000000.0,-98000000.0,-2419000000.0,395000000.0,395000000.0,0.076294,1.78169,395000000.0,36000000.0,2984886.6,-2419000000.0,459000000.0,-0.00142,36000000.0,0.008449,0.005648,13000000.0,150000000.0,397984886.6,0.062361,0.335852,1.698906,973000000.0,-0.295374,-0.709677,6.1875,234000000.0,0.337553,1185000000.0,0.464979,0.255015,247000000.0,6000000.0,-3000000.0,,,131000000.0,183000000.0,,-1000000.0,0.0,6.2961,21.8456,4.2336,15.7713,0.333333,-385000000.0,-32000000.0,285000000.0,0.240506,31000000.0,,-95000000.0,,904000000.0,0.055209,0.052398,-1.808688,0.25373,0.548311,0.551426,2.360113,2.361533,207000000.0,,99000000.0,0.083544,602000000.0,953000000.0,0.164077,3.7292,0.994962,EA,6147000000.0,3669000000.0,3036000000.0,234000000.0,3720000000.0,2747000000.0,3036000000.0,3036000000.0,951000000.0,,3080000000.0,6147000000.0,1968000000.0,333000000.0,551000000.0,400000000.0,-3000000.0,0.0,397000000.0,1185000000.0,311400000.0,311000000.0,325000000.0
43000000.0,144000000.0,603000000.0,,1000000.0,-14000000.0,22.0536,24.8154,0.8045,0.42668,4815.68,4782.282222222221,1.42,1.42,9.9582,24000000.0,1810000000.0,21000000.0,3000000.0,8.6499,66.11,75.76,0.0,2004000000.0,0.840514,1.8434,0.143807,0.859977,775000000.0,53000000.0,2016-03-31,608000000.0,0.4702,0.1809,0.153187,49000000.0,49000000.0,-974000000.0,1905000000.0,1.32,10.4919,0.0,0.0,16.5506,14.7086,0.04408,509000000.0,558000000.0,0.360976,0.46384,0.234513,0.437853,0.423109,0.282116,0.0,0.131631,20031500000.0,0.269231,0.1,18.5477,15.4923,22.4728,18.3775,20.0643,20.193,4.4475,9.5121,-0.663931,-0.127601,-0.6587,337605108.1,1713000000.0,0.856193,,67000000.0,-607000000.0,98000000.0,1.0,1090000000.0,0.10885,107000000.0,0.682099,4.3454,34.7887,45000000.0,,1.8434,,0.0,0.0,0.0,22277500000.0,123000000.0,-47000000.0,-140000000.0,-71000000.0,-47000000.0,-140000000.0,-71000000.0,-258000000.0,-2271000000.0,442000000.0,442000000.0,0.319403,0.118987,442000000.0,34000000.0,2605108.1,-2271000000.0,444000000.0,-0.001302,45000000.0,0.006299,0.004116,14000000.0,151000000.0,444605108.1,0.297849,0.36958,0.117141,1297000000.0,-18.75,-1.358586,-2.958333,173000000.0,0.425603,1203000000.0,0.43059,0.340392,216000000.0,40000000.0,-3000000.0,,,126000000.0,180000000.0,,,0.0,6.6779,22.6858,4.9462,14.6082,0.367415,-365000000.0,-24000000.0,296000000.0,0.246052,25000000.0,0.0,-132000000.0,,1346000000.0,-0.009061,0.01519,-1.058726,0.295586,0.544993,0.547246,1.605972,1.607274,249000000.0,,98000000.0,0.081463,608000000.0,1069000000.0,0.153187,4.5522,0.868369,EA,5721000000.0,3969000000.0,3336000000.0,173000000.0,3326000000.0,2029000000.0,3336000000.0,3336000000.0,1030000000.0,,2360000000.0,5721000000.0,1951000000.0,331000000.0,518000000.0,512000000.0,-3000000.0,0.0,509000000.0,1203000000.0,311300000.0,311000000.0,335000000.0
188000000.0,737000000.0,802000000.0,,3000000.0,-44000000.0,6.4222,5.5287,0.7196,0.536353,4782.282222222221,5293.855555555556,-0.45,-0.45,10.0833,18000000.0,1598000000.0,5000000.0,,28.529,75.76,85.4,0.0,1984000000.0,0.878526,2.064,0.50184,0.790851,1113000000.0,46000000.0,2016-06-30,422000000.0,0.3699,0.1336,0.117844,50000000.0,50000000.0,-1045000000.0,1543000000.0,-0.45,19.3447,0.0,0.0,56.8344,66.0187,0.039692,-128000000.0,-78000000.0,-2.054054,-0.095706,-1.139785,-8.111111,-0.157055,-1.251473,-21000000.0,-0.09375,18985000000.0,-46.0,-1.340909,20.3266,16.6389,25.7297,19.1188,22.1305,23.209,4.3855,9.483,-1.439642,-1.740973,-0.6799,-250156250.0,1709000000.0,0.49816,,12000000.0,49000000.0,84000000.0,1.0,993000000.0,0.137457,120000000.0,-0.088991,4.6399,18.8682,39000000.0,,2.064,,0.0,0.0,0.0,21138000000.0,156000000.0,-260000000.0,60000000.0,9000000.0,-260000000.0,60000000.0,9000000.0,-212000000.0,-2166000000.0,-140000000.0,-140000000.0,-47.666667,-1.316742,-140000000.0,62000000.0,9843750.0,-2166000000.0,430000000.0,-0.004968,50000000.0,0.00363,0.00223,14000000.0,141000000.0,-130156250.0,-33.539063,-0.159701,-1.292746,1121000000.0,-0.95082,1.126761,0.5,409000000.0,-0.146012,815000000.0,0.644172,-0.113023,213000000.0,25000000.0,-9000000.0,,,117000000.0,175000000.0,,,0.0,6.719,25.1943,4.8829,15.6231,-0.171779,-186000000.0,-18000000.0,265000000.0,0.325153,13000000.0,-198000000.0,-126000000.0,,1206000000.0,-0.176768,-0.322527,0.500405,-0.123619,-0.24005,-0.240586,-0.740992,-0.736024,264000000.0,,101000000.0,0.123926,422000000.0,990000000.0,0.117844,4.3365,1.09375,EA,6000000000.0,3581000000.0,3146000000.0,409000000.0,3646000000.0,2525000000.0,3146000000.0,3146000000.0,406000000.0,,2841000000.0,6000000000.0,1924000000.0,316000000.0,525000000.0,-119000000.0,-9000000.0,0.0,-128000000.0,815000000.0,311100000.0,312000000.0,312000000.0
128000000.0,621000000.0,840000000.0,,2000000.0,-57000000.0,13.2878,7.706,0.6763,0.734663,5293.855555555556,5446.107142857143,-0.14,-0.14,9.6849,21000000.0,2263000000.0,2000000.0,,30.7502,85.4,78.76,0.0,1908000000.0,0.898568,2.2004,0.51028,3.662836,1844000000.0,46000000.0,2016-09-30,333000000.0,0.3498,0.1103,0.099344,50000000.0,50000000.0,-1889000000.0,1340000000.0,-0.14,10.8535,0.0,0.0,27.4688,47.3654,0.030507,-30000000.0,20000000.0,-0.904306,0.018692,1.25641,-1.192308,-0.028037,0.765625,-10000000.0,-0.5,18482920000.0,-1.318182,0.688889,24.7098,19.4148,20.0639,150.2676,27.8272,18.0321,4.3255,9.7557,-0.238592,1.841474,-0.9124,210500000.0,1708000000.0,0.48972,,15000000.0,840000000.0,71000000.0,1.0,123000000.0,-0.676316,-257000000.0,-0.876133,16.9901,33.6296,2000000.0,,2.2004,,0.0,0.0,0.0,21371920000.0,190000000.0,-211000000.0,-3000000.0,889000000.0,-211000000.0,-3000000.0,889000000.0,665000000.0,-2896000000.0,-45000000.0,-45000000.0,-1.316901,0.678571,-45000000.0,42000000.0,-1500000.0,-2896000000.0,415000000.0,0.000573,44000000.0,0.002088,0.007662,8000000.0,138000000.0,-46500000.0,-1.315336,-0.043458,0.642737,1007000000.0,0.303519,97.777778,42.333333,546000000.0,-0.028972,1070000000.0,0.518692,-0.018961,214000000.0,8000000.0,1000000.0,,,116000000.0,168000000.0,,,0.0,7.0956,32.779,5.0016,17.3333,-0.042056,-176000000.0,-21000000.0,266000000.0,0.248598,7000000.0,-95000000.0,-126000000.0,,1161000000.0,-0.049734,0.312883,0.674207,-0.028441,-0.063655,-0.064146,-0.738353,-0.738926,194000000.0,,97000000.0,0.090654,333000000.0,966000000.0,0.099344,3.9646,1.5,EA,6470000000.0,3352000000.0,3012000000.0,546000000.0,4152000000.0,3145000000.0,3012000000.0,3012000000.0,524000000.0,,3451000000.0,6470000000.0,1903000000.0,306000000.0,555000000.0,-31000000.0,1000000.0,0.0,-30000000.0,1070000000.0,321400000.0,311000000.0,311000000.0
89000000.0,233000000.0,710000000.0,,1000000.0,-16000000.0,17.2484,14.7765,0.6662,0.880623,5446.107142857143,5855.671111111111,2.9,2.9,10.2909,30000000.0,2493000000.0,7000000.0,1000000.0,3.5401,78.76,89.52,0.0,1352000000.0,0.746702,2.0413,0.172783,1.641235,1458000000.0,,2016-12-31,1150000000.0,1.0708,0.3384,0.252858,48000000.0,48000000.0,-1737000000.0,2097000000.0,2.77,0.0,0.0,0.0,21.1614,24.7014,0.052988,526000000.0,574000000.0,0.269912,0.438838,27.7,0.324937,0.402141,18.533333,23000000.0,-0.709125,19134300000.0,1.308333,20.785714,21.8179,17.8159,17.1196,26.7987,16.1651,15.6454,4.3527,9.7906,1.196704,3.038438,-0.7893,850091254.8,1710000000.0,0.827217,,-373000000.0,-600000000.0,57000000.0,1.0,714000000.0,0.101852,66000000.0,4.804878,6.4552,nm,21000000.0,989000000.0,2.0413,989000000.0,989000000.0,0.217458,0.2911,21816300000.0,153000000.0,212000000.0,-401000000.0,396000000.0,212000000.0,-401000000.0,396000000.0,230000000.0,-2684000000.0,899000000.0,899000000.0,1.275949,20.977778,899000000.0,,17091254.8,-2684000000.0,439000000.0,-0.006699,49000000.0,0.00044,0.005104,387000000.0,82000000.0,916091254.8,1.301824,0.700376,20.700887,1936000000.0,1.0,-0.554556,13.2,226000000.0,0.409786,1308000000.0,0.417431,0.267911,287000000.0,13000000.0,-10000000.0,,,103000000.0,163000000.0,,,0.0,6.4241,18.8722,4.9628,13.3924,0.687309,-605000000.0,-30000000.0,282000000.0,0.215596,2000000.0,-177000000.0,-634000000.0,,2060000000.0,0.103797,0.22243,-3.573893,0.457893,0.942345,0.94718,4.521073,4.527772,234000000.0,,110000000.0,0.084098,161000000.0,1341000000.0,0.0354,4.9364,1.709125,EA,7050000000.0,4548000000.0,3396000000.0,226000000.0,4354000000.0,2418000000.0,3396000000.0,3396000000.0,1082000000.0,,3652000000.0,7050000000.0,2257000000.0,1234000000.0,546000000.0,536000000.0,-10000000.0,0.0,526000000.0,1308000000.0,309900000.0,310000000.0,330000000.0
44000000.0,246000000.0,597000000.0,,2000000.0,3000000.0,31.2644,22.8923,0.7243,0.879549,5855.671111111111,6204.096666666666,1.46,1.46,11.7968,40000000.0,2042000000.0,10000000.0,,12.3211,89.52,105.72,0.0,1213000000.0,0.76761,1.7417,0.140834,0.688988,873000000.0,,2017-03-31,1125000000.0,1.0099,0.3027,0.23239,46000000.0,46000000.0,-969000000.0,2458000000.0,1.4,8.0515,0.0,0.0,11.6746,15.9442,0.048357,552000000.0,598000000.0,0.071685,0.470496,0.041812,0.084479,0.434304,0.04943,-3000000.0,0.202899,21562400000.0,0.060606,-0.494585,23.4374,19.3558,24.9966,15.2492,18.1714,18.3354,4.8303,10.157,-0.637515,-0.856043,-0.6462,122376811.6,1708000000.0,0.859166,,112000000.0,-652000000.0,42000000.0,1.0,1414000000.0,0.297248,324000000.0,0.980392,3.5655,45.3333,4000000.0,,1.7417,989000000.0,989000000.0,0.204297,0.2661,23864400000.0,128000000.0,-249000000.0,-81000000.0,-118000000.0,-249000000.0,-81000000.0,-118000000.0,-451000000.0,-2302000000.0,440000000.0,440000000.0,-0.004525,-0.510567,440000000.0,26000000.0,6376811.6,-2302000000.0,435000000.0,-0.002789,48000000.0,0.0,0.003533,343000000.0,90000000.0,446376811.6,0.003985,0.351201,-0.512738,2322000000.0,-0.661972,-1.29798,-2.95,179000000.0,0.440598,1271000000.0,0.418568,0.314576,273000000.0,-97000000.0,-8000000.0,,,105000000.0,160000000.0,,,0.0,6.4221,20.6797,5.346,12.1386,0.346184,-317000000.0,-40000000.0,294000000.0,0.231314,0.0,-27000000.0,-129000000.0,,2500000000.0,0.056525,-0.028287,-0.81095,0.250749,0.439698,0.441256,1.252206,1.254995,276000000.0,,108000000.0,0.084972,136000000.0,1385000000.0,0.028093,6.2413,0.797101,EA,6605000000.0,4841000000.0,3716000000.0,179000000.0,3972000000.0,1650000000.0,3716000000.0,3716000000.0,1092000000.0,,2889000000.0,6605000000.0,2198000000.0,1239000000.0,532000000.0,560000000.0,-8000000.0,,552000000.0,1271000000.0,301400000.0,301000000.0,315000000.0
206000000.0,723000000.0,777000000.0,,1000000.0,-10000000.0,6.8629,6.2288,0.7054,0.808917,6204.096666666666,6432.38375,-0.13,-0.13,11.9867,29000000.0,1746000000.0,16000000.0,22000000.0,20.5332,105.72,118.06,0.0,1156000000.0,0.784689,1.9051,0.446548,0.810513,1067000000.0,,2017-06-30,990000000.0,0.8354,0.2744,0.215311,45000000.0,45000000.0,-1056000000.0,2210000000.0,-0.13,15.1183,0.0,0.0,53.1842,58.5991,0.048861,-52000000.0,-7000000.0,0.910256,-0.007795,-1.011706,0.59375,-0.057906,-1.094203,-5000000.0,0.269231,23429400000.0,0.711111,-1.092857,23.5235,19.7716,24.8661,17.5896,18.2868,18.1764,5.1527,10.5621,-0.498294,-4.062735,-0.6564,-374807692.3,1709000000.0,0.553452,,-14000000.0,67000000.0,28000000.0,1.0,1332000000.0,0.34139,339000000.0,-0.057992,3.9114,24.1429,27000000.0,,1.9051,990000000.0,990000000.0,0.215311,0.2744,25705400000.0,143000000.0,-245000000.0,-168000000.0,122000000.0,-245000000.0,-168000000.0,122000000.0,-296000000.0,-2276000000.0,-38000000.0,-38000000.0,0.728571,-1.086364,-38000000.0,50000000.0,2192307.7,-2276000000.0,431000000.0,-0.000987,48000000.0,0.0,0.001921,366000000.0,88000000.0,-35807692.3,0.724887,-0.039875,-1.080219,2210000000.0,12.555556,2.033898,4.206897,401000000.0,-0.054566,898000000.0,0.608018,-0.040847,221000000.0,-9000000.0,-3000000.0,,,98000000.0,156000000.0,,,0.0,7.1246,20.4661,5.6533,13.7389,-0.042316,-507000000.0,-29000000.0,291000000.0,0.324053,0.0,-136000000.0,-127000000.0,,2462000000.0,0.10184,-0.29347,0.101732,-0.02985,-0.054131,-0.054235,-0.155967,-0.15498,368000000.0,,111000000.0,0.123608,0.0,1520000000.0,0.0,6.2159,0.730769,EA,6892000000.0,4598000000.0,3608000000.0,401000000.0,4260000000.0,2050000000.0,3608000000.0,3608000000.0,497000000.0,,3284000000.0,6892000000.0,2201000000.0,1234000000.0,546000000.0,-49000000.0,-3000000.0,,-52000000.0,898000000.0,292300000.0,301000000.0,301000000.0
65000000.0,587000000.0,901000000.0,,2000000.0,-1000000.0,13.6995,7.6589,0.6521,0.782308,6432.38375,6942.41,0.0,0.0,11.7129,25000000.0,2483000000.0,25000000.0,1000000.0,31.6431,118.06,105.06,0.0,1089000000.0,0.78189,2.1603,0.449086,5.112026,1971000000.0,,2017-09-30,990000000.0,0.8195,0.279,0.21811,49000000.0,49000000.0,-2055000000.0,2164000000.0,0.0,10.6297,0.0,0.0,26.6433,47.6567,0.054475,-6000000.0,43000000.0,1.15,0.037424,7.142857,0.8,-0.005222,0.884615,-20000000.0,0.833333,20635280000.0,1.0,1.0,20.2307,17.0822,18.224,64.4852,15.5233,13.4257,4.4607,11.0274,-1.939034,0.472618,-0.9326,-197666666.7,1704000000.0,0.550914,,-5000000.0,1041000000.0,9000000.0,1.0,320000000.0,1.601626,197000000.0,-0.75976,20.8849,34.3377,2000000.0,,2.1603,990000000.0,990000000.0,0.21811,0.279,23864280000.0,240000000.0,-131000000.0,-249000000.0,1137000000.0,-131000000.0,-249000000.0,1137000000.0,737000000.0,-3229000000.0,-1000000.0,-1000000.0,0.977778,0.973684,-1000000.0,35000000.0,333333.3,-3229000000.0,424000000.0,-0.000109,48000000.0,0.0,0.001066,386000000.0,89000000.0,-666666.7,0.985663,-0.00058,0.981382,2164000000.0,0.278965,8.319672,45.48,516000000.0,-0.003481,1149000000.0,0.554395,-0.003405,260000000.0,-6000000.0,-2000000.0,,,95000000.0,154000000.0,,,0.0,6.7242,18.3571,5.1587,12.998,-0.00087,-548000000.0,-25000000.0,285000000.0,0.248042,0.0,,-127000000.0,,2461000000.0,0.073832,0.27951,0.011199,-0.000567,-0.000918,-0.000919,-0.012118,-0.012009,324000000.0,,110000000.0,0.095735,0.0,1736000000.0,0.0,6.0594,0.166667,EA,7719000000.0,4539000000.0,3549000000.0,516000000.0,5101000000.0,2937000000.0,3549000000.0,3549000000.0,633000000.0,,4170000000.0,7719000000.0,2194000000.0,1233000000.0,637000000.0,-4000000.0,-2000000.0,,-6000000.0,1149000000.0,,303000000.0,303000000.0
87000000.0,359000000.0,789000000.0,,1000000.0,-19000000.0,14.75,16.3682,0.6561,0.525336,6942.41,7106.665714285715,1.86,1.86,12.9299,29000000.0,2565000000.0,,20000000.0,-2.4465,105.06,121.24,0.0,1052000000.0,0.80396,1.9802,0.132286,1.90615,1539000000.0,,2017-12-31,990000000.0,0.7164,0.2438,0.19604,32000000.0,32000000.0,-1748000000.0,2784000000.0,1.81,0.0,0.0,0.0,24.7458,22.2993,0.034401,716000000.0,748000000.0,0.303136,0.489849,16.395349,0.361217,0.468893,120.333333,10000000.0,0.209497,24567280000.0,-0.34657,nm,20.3035,17.7766,20.9228,47.4272,25.1151,17.7638,5.0706,11.0997,-0.102696,4.858974,-0.8348,762790502.8,1707000000.0,0.867714,,150000000.0,-408000000.0,8000000.0,1.0,518000000.0,-0.27451,-196000000.0,0.61875,7.8653,nm,39000000.0,,1.9802,990000000.0,990000000.0,0.19604,0.2438,28109280000.0,162000000.0,91000000.0,-261000000.0,242000000.0,91000000.0,-261000000.0,242000000.0,82000000.0,-3542000000.0,566000000.0,566000000.0,-0.370412,567.0,566000000.0,,790502.8,-3542000000.0,434000000.0,-0.000254,52000000.0,0.0,0.000268,286000000.0,105000000.0,566790502.8,-0.381295,0.371179,851.185712,2784000000.0,-0.388889,-0.787159,8.344828,202000000.0,0.469548,1527000000.0,0.398166,0.307664,308000000.0,177000000.0,-1000000.0,,,84000000.0,148000000.0,,,0.0,6.9235,29.0685,5.8017,11.9869,0.370661,-545000000.0,-29000000.0,335000000.0,0.219384,,,-125000000.0,,3027000000.0,0.167431,0.328982,-2.437368,0.243209,0.481923,0.482052,2.91942,2.919674,313000000.0,,110000000.0,0.072037,,1967000000.0,0.0,7.4682,0.790503,EA,7718000000.0,5050000000.0,4060000000.0,202000000.0,5199000000.0,2415000000.0,4060000000.0,4060000000.0,1325000000.0,,3658000000.0,7718000000.0,2085000000.0,1243000000.0,608000000.0,717000000.0,-1000000.0,,716000000.0,1527000000.0,303100000.0,303000000.0,314000000.0
