accountspayable,accountsreceivable,acquisitions,amortizationexpense,aoci,apturnover,arturnover,assetturnover,augmentedpayoutratio,baseline_price,baseline_price_next_quarter,basicdilutedeps,basiceps,bookvaluepershare,capex,cashandequivalents,cashdividendspershare,cashincometaxespaid,cashinterestpaid,ccc,close_price,close_price_next_quarter,commitmentsandcontingencies,commonequity,commontocap,compoundleveragefactor,costofrevtorevenue,croic,currentdeferredrevenue,currentdeferredtaxassets,currentdeferredtaxliabilities,currentemployeebenefitliabilities,date,debt,debttoebitda,debttoequity,debttototalcapital,depreciationandamortization,depreciationexpense,dfcfnwc,dfnwc,dilutedeps,dio,dividendyield,divpayoutratio,dpo,dso,earningsyield,ebit,ebitda,ebitdagrowth,ebitdamargin,ebitdaqoqgrowth,ebitgrowth,ebitmargin,ebitqoqgrowth,effectofexchangeratechanges,efftaxrate,enterprisevalue,epsgrowth,epsqoqgrowth,evtoebit,evtoebitda,evtofcff,evtoinvestedcapital,evtonopat,evtoocf,evtorevenue,faturnover,fcffgrowth,fcffqoqgrowth,finleverage,freecashflow,goodwill,grossmargin,incometaxexpense,increasedecreaseinoperatingcapital,intangibleassets,interestburdenpct,investedcapital,investedcapitalgrowth,investedcapitalincreasedecrease,investedcapitalqoqgrowth,investedcapitalturnover,invturnover,issuanceofcommonequity,issuanceofdebt,leverageratio,longtermdebt,ltdebtandcapleases,ltdebttocap,ltdebttoequity,marketcap,marketingexpense,netcashfromcontinuingfinancingactivities,netcashfromcontinuinginvestingactivities,netcashfromcontinuingoperatingactivities,netcashfromfinancingactivities,netcashfrominvestingactivities,netcashfromoperatingactivities,netchangeincash,netdebt,netincome,netincomecontinuing,netincomegrowth,netincomeqoqgrowth,netincometocommon,netinventory,netnonopex,netnonopobligations,netppe,nnep,noncashadjustmentstonetincome,noncontrolinttocap,noncontrollinginterests,noncontrollinginterestsharingratio,noncurrentdeferredrevenue,noncurrentdeferredtaxassets,noncurrentdeferredtaxliabilities,nopat,nopatgrowth,nopatmargin,nopatqoqgrowth,nwc,ocfgrowth,ocfqoqgrowth,ocftocapex,operatingcostofrevenue,operatingmargin,operatingrevenue,opextorevenue,oroa,othercurrentassets,othercurrentliabilities,otherfinancingactivitiesnet,otherincome,othernoncurrentassets,othernoncurrentliabilities,paymentofdividends,preferredtocap,prepaidexpenses,pricetobook,pricetoearnings,pricetorevenue,pricetotangiblebook,profitmargin,purchaseofinvestments,purchaseofplantpropertyandequipment,rdexpense,rdextorevenue,repaymentofdebt,repurchaseofcommonequity,restructuringcharge,retainedearnings,revenuegrowth,revenueqoqgrowth,rnnoa,roa,roce,roe,roic,roicnnepspread,saleofinvestments,saleofplantpropertyandequipment,sgaexpense,sgaextorevenue,shorttermdebt,shortterminvestments,stdebttocap,tangbookvaluepershare,taxburdenpct,ticker,totalassets,totalcapital,totalcommonequity,totalcostofrevenue,totalcurrentassets,totalcurrentliabilities,totalequity,totalequityandnoncontrollinginterests,totalgrossprofit,totalinterestexpense,totalliabilities,totalliabilitiesandequity,totalnoncurrentassets,totalnoncurrentliabilities,totaloperatingexpenses,totaloperatingincome,totalotherincome,totalpreferredequity,totalpretaxincome,totalrevenue,weightedavebasicdilutedsharesos,weightedavebasicsharesos,weightedavedilutedsharesos
,,-395000000.0,413000000.0,,nm,nm,nm,nm,1537.69,1810.0442857142855,0.21,0.21,nm,323000000.0,,0.0,,,nm,16.2669618489398,19.3331481847881,,,nm,nm,0.245357,nm,,,,,2009-03-31,nm,nm,nm,nm,477000000.0,64000000.0,nm,nm,0.21,nm,0.0,nm,nm,nm,nm,1603000000.0,2080000000.0,nm,0.390171,nm,nm,0.300694,nm,-274000000.0,0.254155,nm,nm,nm,nm,nm,nm,nm,nm,nm,nm,nm,nm,nm,nm,nm,,0.754643,367000000.0,1540000000.0,,0.900811,nm,nm,nm,nm,nm,nm,280000000.0,0.0,nm,,nm,nm,nm,114803550000.0,1112000000.0,-189000000.0,-2486000000.0,3240000000.0,-189000000.0,-2486000000.0,3240000000.0,291000000.0,nm,1077000000.0,1077000000.0,nm,nm,1077000000.0,,57430055.4,nm,,nm,146000000.0,nm,,nm,,,,1134430055.4,nm,0.212799,nm,nm,nm,nm,10.03096,1308000000.0,0.285312,5331000000.0,0.46933,nm,,,65000000.0,82000000.0,,,-30000000.0,nm,,nm,nm,nm,nm,0.202026,-3188000000.0,-323000000.0,708000000.0,0.132808,-4000000.0,-500000000.0,63000000.0,,nm,nm,nm,nm,nm,nm,nm,nm,1420000000.0,,206000000.0,0.038642,,,nm,nm,0.745845,ORCL,,nm,,1308000000.0,,,,,4023000000.0,159000000.0,,,,,2502000000.0,1521000000.0,-77000000.0,,1444000000.0,5331000000.0,5128600000.0,5152000000.0,5235000000.0
,,-670000000.0,426000000.0,,nm,nm,nm,nm,1810.0442857142855,2123.9362499999997,0.25,0.25,nm,76000000.0,,0.0,,,nm,19.3331481847881,18.8550450038379,,,nm,nm,0.213305,nm,,,,,2009-06-30,nm,nm,nm,nm,496000000.0,70000000.0,nm,nm,0.25,nm,0.0,nm,nm,nm,nm,1983000000.0,2479000000.0,nm,0.442126,0.191827,nm,0.353665,0.237056,-490000000.0,0.290252,nm,nm,0.190476,nm,nm,nm,nm,nm,nm,nm,nm,nm,nm,nm,nm,,0.786695,530000000.0,-1163000000.0,,0.920827,nm,nm,nm,nm,nm,nm,91000000.0,,nm,,nm,nm,nm,83458830000.0,1146000000.0,-1739000000.0,279000000.0,750000000.0,-1739000000.0,279000000.0,750000000.0,-1200000000.0,nm,1296000000.0,1296000000.0,nm,0.203343,1296000000.0,,105752464.4,nm,,nm,121000000.0,nm,,nm,,,,1401752464.4,nm,0.25,0.235645,nm,nm,-0.768519,9.868421,1196000000.0,0.352238,5607000000.0,0.434457,nm,,,14000000.0,8000000.0,,,,nm,,nm,nm,nm,nm,0.23114,-1917000000.0,-76000000.0,651000000.0,0.116105,,-1844000000.0,38000000.0,,nm,0.051773,nm,nm,nm,nm,nm,nm,2942000000.0,,174000000.0,0.031033,,,nm,nm,0.709748,ORCL,,nm,,1196000000.0,,,,,4411000000.0,157000000.0,,,,,2436000000.0,1975000000.0,-149000000.0,,1826000000.0,5607000000.0,5184000000.0,5127000000.0,5187000000.0
,,-100000000.0,437000000.0,,nm,nm,nm,nm,2123.9362499999997,2273.19625,0.27,0.27,nm,92000000.0,,0.0,,,nm,18.8550450038379,22.2470865396333,,,nm,nm,0.203741,nm,,,,,2009-09-30,nm,nm,nm,nm,501000000.0,64000000.0,nm,nm,0.26,nm,0.0,nm,nm,nm,nm,1964000000.0,2465000000.0,nm,0.452045,-0.005647,nm,0.360169,-0.009581,-148000000.0,0.265746,nm,nm,0.04,nm,nm,nm,nm,nm,nm,nm,nm,nm,nm,nm,nm,,0.796259,481000000.0,303000000.0,,0.921589,nm,nm,nm,nm,nm,nm,77000000.0,,nm,,nm,nm,nm,78570240000.0,1054000000.0,-1293000000.0,42000000.0,2257000000.0,-1293000000.0,42000000.0,2257000000.0,858000000.0,nm,1329000000.0,1329000000.0,nm,0.025463,1329000000.0,,95453038.7,nm,,nm,124000000.0,nm,,nm,,,,1424453038.7,nm,0.261224,0.016194,nm,nm,2.009333,24.532609,1111000000.0,0.355767,5453000000.0,0.440491,nm,,,13000000.0,24000000.0,,,-23000000.0,nm,,nm,nm,nm,nm,0.243719,-1801000000.0,-92000000.0,677000000.0,0.124152,,-1360000000.0,42000000.0,,nm,-0.027466,nm,nm,nm,nm,nm,nm,2035000000.0,,192000000.0,0.03521,,,nm,nm,0.734254,ORCL,,nm,,1111000000.0,,,,,4342000000.0,154000000.0,,,,,2402000000.0,1940000000.0,-130000000.0,,1810000000.0,5453000000.0,4922200000.0,5005000000.0,5056000000.0
271000000.0,4430000000.0,6000000.0,437000000.0,216000000.0,17.69,5.2488,0.4904,0.764348,2273.19625,2401.8687499999996,0.37,0.37,4.8908,38000000.0,8995000000.0,0.05,2170000000.0,627000000.0,48.9072,22.2470865396333,23.3632772610854,,12980000000.0,0.703136,1.7612,0.171841,nm,4592000000.0,661000000.0,,1409000000.0,2009-12-31,10238000000.0,0.9807,0.4024,0.286915,502000000.0,65000000.0,-2191000000.0,10433000000.0,0.37,0.0,0.002828,0.054175,20.6331,69.5403,0.055654,2914000000.0,3416000000.0,nm,0.497887,0.385801,nm,0.424719,0.483707,411000000.0,0.313362,98465700000.0,nm,0.423077,11.6335,9.4316,nm,4.2702,16.5748,11.928,4.2347,12.0978,nm,nm,-0.0938,nm,18842000000.0,0.828159,863000000.0,-710000000.0,7269000000.0,0.945093,23059000000.0,nm,nm,nm,1.0084,nm,312000000.0,,1.8635,9237000000.0,9237000000.0,0.258863,0.363,100496700000.0,1326000000.0,-1201000000.0,-434000000.0,2008000000.0,-1201000000.0,-434000000.0,2008000000.0,784000000.0,-2386000000.0,1891000000.0,1891000000.0,nm,0.422874,1891000000.0,0.0,89949528.0,-2386000000.0,1922000000.0,-0.037699,325000000.0,0.009949,355000000.0,0.013952,2423000000.0,,480000000.0,1980949528.0,nm,0.288726,0.390674,9432000000.0,nm,-0.110323,52.842105,1179000000.0,0.420493,6861000000.0,0.407667,0.208275,866000000.0,1876000000.0,5000000.0,29000000.0,802000000.0,682000000.0,-250000000.0,0.0,,4.0054,17.9683,4.3221,nm,0.275616,-2409000000.0,-38000000.0,731000000.0,0.106544,-1000000000.0,-268000000.0,91000000.0,11894000000.0,nm,0.258206,-0.030836,0.135157,0.256675,0.260307,0.291143,0.328842,2007000000.0,,213000000.0,0.031045,1001000000.0,3629000000.0,0.028053,-0.199,0.686638,ORCL,47416000000.0,35683000000.0,25090000000.0,1179000000.0,18581000000.0,9149000000.0,25090000000.0,25445000000.0,5682000000.0,160000000.0,21971000000.0,47416000000.0,26913000000.0,12822000000.0,2797000000.0,2885000000.0,-131000000.0,0.0,2754000000.0,6861000000.0,5084500000.0,5070000000.0,5130000000.0
260000000.0,2584000000.0,-79000000.0,431000000.0,261000000.0,17.2846,8.8913,0.4335,0.757801,2401.8687499999996,2213.88625,0.22,0.22,5.1635,55000000.0,16098000000.0,0.05,,,19.9345,23.3632772610854,19.5384190710552,,13319000000.0,0.634369,1.7952,0.199446,nm,5283000000.0,710000000.0,,1033000000.0,2010-03-31,14724000000.0,1.39,0.5559,0.357283,492000000.0,61000000.0,-4279000000.0,16286000000.0,0.22,0.0,0.005051,0.098936,21.117,41.0516,0.050912,1741000000.0,2233000000.0,0.073558,0.441828,-0.346311,0.086089,0.34448,-0.402539,103000000.0,0.28041,1.0528144e+11,0.047619,-0.405405,12.2392,9.9388,nm,5.0994,17.3817,12.028,4.5824,11.9413,nm,nm,-0.2205,nm,18867000000.0,0.800554,438000000.0,1977000000.0,6886000000.0,0.897186,20646000000.0,nm,nm,-0.104645,1.1128,nm,247000000.0,4461000000.0,2.0009,13723000000.0,13723000000.0,0.332994,0.5181,110778440000.0,960000000.0,4209000000.0,-947000000.0,3738000000.0,4209000000.0,-947000000.0,3738000000.0,7103000000.0,-5841000000.0,1124000000.0,1124000000.0,0.04364,-0.405605,1124000000.0,,128087067.9,-5841000000.0,1924000000.0,-0.021929,145000000.0,0.008347,344000000.0,0.012988,2485000000.0,,465000000.0,1252087067.9,0.103715,0.247742,-0.367936,15285000000.0,0.153704,0.861554,67.963636,1008000000.0,0.344282,5054000000.0,0.456272,0.149334,586000000.0,1583000000.0,30000000.0,1000000.0,876000000.0,678000000.0,-285000000.0,0.0,,4.2374,19.6416,4.8217,284.0473,0.222398,-2760000000.0,-55000000.0,660000000.0,0.13059,0.0,-244000000.0,54000000.0,12563000000.0,-0.05196,-0.263373,-0.065632,0.096411,0.207329,0.210057,0.275689,0.297618,1947000000.0,,201000000.0,0.03977,1001000000.0,4467000000.0,0.02429,0.077,0.71959,ORCL,52998000000.0,41211000000.0,26143000000.0,1008000000.0,24445000000.0,9160000000.0,26143000000.0,26487000000.0,4046000000.0,179000000.0,26511000000.0,52998000000.0,26629000000.0,17351000000.0,2306000000.0,1740000000.0,-178000000.0,0.0,1562000000.0,5054000000.0,5109100000.0,5009000000.0,5063000000.0
255000000.0,3086000000.0,-313000000.0,436000000.0,461000000.0,17.2314,7.5262,0.4314,0.505343,2213.88625,2360.2855555555557,0.29,0.29,5.4366,45000000.0,14919000000.0,0.05,,,27.3146,19.5384190710552,24.4980645446858,,13529000000.0,0.645253,1.7645,0.187095,nm,4395000000.0,703000000.0,,1129000000.0,2010-06-30,14752000000.0,1.363,0.5285,0.345747,498000000.0,62000000.0,-3082000000.0,17702000000.0,0.29,0.0,0.007491,0.139262,21.1823,48.4969,0.05189,2211000000.0,2709000000.0,0.092779,0.462445,0.213166,0.114977,0.377433,0.26996,178000000.0,0.279288,1.0616512e+11,0.16,0.318182,12.0232,9.8092,nm,4.8515,17.0549,12.2678,4.571,11.8742,nm,nm,-0.2161,nm,19098000000.0,0.812905,565000000.0,-1433000000.0,6584000000.0,0.914971,21883000000.0,nm,nm,0.059915,1.0614,nm,124000000.0,,1.9285,13751000000.0,13751000000.0,0.322287,0.4926,111813120000.0,1133000000.0,-366000000.0,-1642000000.0,651000000.0,-366000000.0,-1642000000.0,651000000.0,-1179000000.0,-6032000000.0,1458000000.0,1458000000.0,0.125,0.297153,1458000000.0,,111710331.2,-6032000000.0,1956000000.0,-0.01852,128000000.0,0.009,384000000.0,0.013756,2592000000.0,,351000000.0,1569710331.2,0.11982,0.26796,0.253675,16701000000.0,-0.132,-0.825843,14.466667,1096000000.0,0.371799,5858000000.0,0.441106,0.162842,662000000.0,1754000000.0,12000000.0,33000000.0,960000000.0,690000000.0,-250000000.0,0.0,,4.0614,19.2715,4.8141,60.4722,0.24889,-3425000000.0,-45000000.0,708000000.0,0.12086,,-252000000.0,124000000.0,13541000000.0,0.044765,0.159082,-0.065457,0.107383,0.215936,0.218948,0.284405,0.302925,2141000000.0,,183000000.0,0.031239,1001000000.0,5865000000.0,0.023461,0.3651,0.720712,ORCL,53833000000.0,42667000000.0,27531000000.0,1096000000.0,25235000000.0,8534000000.0,27531000000.0,27915000000.0,4762000000.0,188000000.0,25918000000.0,53833000000.0,26642000000.0,17384000000.0,2584000000.0,2178000000.0,-155000000.0,0.0,2023000000.0,5858000000.0,5027600000.0,5010000000.0,5064000000.0
616000000.0,3898000000.0,-5175000000.0,502000000.0,246000000.0,7.6331,6.2024,0.4071,0.365242,2360.2855555555557,2664.7025,0.24,0.24,5.6099,61000000.0,9331000000.0,0.05,,,35.4825,24.4980645446858,28.6113474634677,,13973000000.0,0.638919,1.8418,0.22158,nm,5389000000.0,978000000.0,,1452000000.0,2010-09-30,15718000000.0,1.4688,0.5448,0.352667,575000000.0,73000000.0,-3541000000.0,13948000000.0,0.23,24.4524,0.008928,0.187566,47.8179,58.8481,0.045251,1768000000.0,2343000000.0,-0.049493,0.365865,-0.135105,-0.099796,0.276077,-0.200362,-181000000.0,0.24842,1.237274e+11,-0.115385,-0.206897,14.3303,11.5622,nm,4.569,20.0198,15.1293,5.1176,8.427,nm,nm,-0.0614,nm,20415000000.0,0.77842,393000000.0,-146000000.0,9868000000.0,0.894796,27080000000.0,nm,nm,0.23749,0.8928,14.927,231000000.0,1959000000.0,2.0584,11498000000.0,11498000000.0,0.257982,0.3985,125123400000.0,1241000000.0,-8000000.0,-7180000000.0,1781000000.0,-8000000.0,-7180000000.0,1781000000.0,-5588000000.0,-1771000000.0,1190000000.0,1190000000.0,-0.105342,-0.184499,1189000000.0,315000000.0,196162452.6,-1771000000.0,2869000000.0,-0.110764,162000000.0,0.008414,375000000.0,0.012998,3275000000.0,,339000000.0,1385162452.6,-0.027583,0.216296,-0.117568,9728000000.0,-0.210899,1.735791,29.196721,1419000000.0,0.287789,6404000000.0,0.490631,0.112396,1299000000.0,2574000000.0,29000000.0,-75000000.0,2255000000.0,1172000000.0,-277000000.0,0.0,,4.394,22.0988,5.1753,nm,0.185665,-4977000000.0,-61000000.0,823000000.0,0.128513,-1708000000.0,-242000000.0,340000000.0,14257000000.0,0.174399,0.093206,-0.018653,0.075587,0.172189,0.174456,0.193109,0.303873,3033000000.0,,236000000.0,0.036852,4220000000.0,8158000000.0,0.094685,-0.356,0.75158,ORCL,59386000000.0,44569000000.0,28476000000.0,1419000000.0,23979000000.0,14251000000.0,28476000000.0,28851000000.0,4985000000.0,186000000.0,30535000000.0,59386000000.0,32538000000.0,16284000000.0,3142000000.0,1843000000.0,-261000000.0,0.0,1582000000.0,6404000000.0,4954200000.0,5015000000.0,5076000000.0
775000000.0,5585000000.0,-39000000.0,604000000.0,4000000.0,11.021,5.356,0.4921,0.334963,2664.7025,2733.241111111111,0.47,0.47,6.071,69000000.0,9914000000.0,0.05,2488000000.0,652000000.0,35.0298,28.6113474634677,30.609571795099,,14648000000.0,0.671654,1.8062,0.235795,0.095891,5900000000.0,1159000000.0,,1895000000.0,2010-12-31,14655000000.0,1.3006,0.4697,0.319601,706000000.0,102000000.0,-3011000000.0,15458000000.0,0.47,0.0,0.009732,0.173268,33.1185,68.1483,0.053582,3277000000.0,3983000000.0,0.165984,0.419087,0.699957,0.124571,0.344802,0.853507,-207000000.0,0.231469,1.1108461e+11,0.27027,1.043478,12.3469,9.8584,45.9301,4.0564,16.4703,12.7963,4.1419,11.4493,nm,nm,-0.1095,-1789080624.2,20425000000.0,0.764205,712000000.0,-808000000.0,9321000000.0,0.938663,27385000000.0,0.187606,4326000000.0,0.011263,1.0634,nm,272000000.0,897000000.0,1.9242,11510000000.0,11510000000.0,0.251014,0.3689,114497610000.0,1746000000.0,-1171000000.0,-550000000.0,2511000000.0,-1171000000.0,-550000000.0,2511000000.0,583000000.0,-3814000000.0,2363000000.0,2363000000.0,0.250132,0.988225,2364000000.0,259000000.0,172919375.8,-3814000000.0,2763000000.0,-0.05578,250000000.0,0.008745,401000000.0,0.013347,2695000000.0,1267000000.0,424000000.0,2536919375.8,0.280658,0.266932,0.831496,12313000000.0,0.250498,0.409882,36.391304,2241000000.0,0.347327,9504000000.0,0.416877,0.16969,1532000000.0,2976000000.0,39000000.0,-24000000.0,798000000.0,1059000000.0,-251000000.0,0.0,,3.7177,18.663,4.2691,108.838,0.248737,-4541000000.0,-69000000.0,1063000000.0,0.111848,-1874000000.0,-254000000.0,258000000.0,16146000000.0,0.385221,0.484072,-0.037174,0.122413,0.243378,0.24667,0.283844,0.339624,4099000000.0,,291000000.0,0.030619,3145000000.0,8555000000.0,0.068587,0.2074,0.768531,ORCL,61578000000.0,45854000000.0,30798000000.0,2241000000.0,27004000000.0,14691000000.0,30798000000.0,31199000000.0,7263000000.0,201000000.0,30379000000.0,61578000000.0,31811000000.0,15688000000.0,3962000000.0,3301000000.0,-225000000.0,0.0,3076000000.0,9504000000.0,5028700000.0,5014000000.0,5073000000.0
706000000.0,3721000000.0,-832000000.0,603000000.0,156000000.0,14.1159,9.2841,0.495,0.324375,2733.241111111111,2695.2611111111114,0.27,0.27,6.3163,118000000.0,12018000000.0,0.05,,,13.4574,30.609571795099,30.1847010101609,,14923000000.0,0.647952,1.807,0.27486,0.071685,6903000000.0,1142000000.0,,1438000000.0,2011-03-31,17038000000.0,1.4528,0.5241,0.343855,702000000.0,99000000.0,-4913000000.0,18724000000.0,0.27,0.0,0.012542,0.167688,25.8573,39.3147,0.057305,1991000000.0,2693000000.0,0.206001,0.358971,-0.323876,0.143596,0.265396,-0.392432,243000000.0,0.246797,1.04845135e+11,0.227273,-0.425532,11.3383,8.9397,62.827,4.046,15.1165,11.9686,3.5822,12.3001,nm,-1.136913,-0.2109,-3823109192.2,20901000000.0,0.72514,443000000.0,1593000000.0,9124000000.0,0.901557,25913000000.0,0.25511,5267000000.0,-0.053752,1.2572,nm,169000000.0,3204000000.0,2.0043,14778000000.0,14778000000.0,0.298244,0.4545,111038135000.0,1333000000.0,1960000000.0,-3916000000.0,3817000000.0,1960000000.0,-3916000000.0,3817000000.0,2104000000.0,-6599000000.0,1352000000.0,1352000000.0,0.202847,-0.428088,1352000000.0,235000000.0,91890807.8,-6599000000.0,2835000000.0,-0.014773,170000000.0,0.008194,406000000.0,0.012712,2679000000.0,1119000000.0,349000000.0,1443890807.8,0.153187,0.192467,-0.430849,16464000000.0,0.021134,0.520112,32.347458,2062000000.0,0.255532,7502000000.0,0.469608,0.131373,1529000000.0,2493000000.0,10000000.0,74000000.0,1012000000.0,1137000000.0,-289000000.0,0.0,,3.4585,17.4506,3.7938,53.3581,0.180219,-7650000000.0,-118000000.0,1103000000.0,0.147027,-885000000.0,-249000000.0,212000000.0,17027000000.0,0.484369,-0.210648,-0.054136,0.089209,0.185454,0.187842,0.241978,0.256752,4684000000.0,,272000000.0,0.036257,2260000000.0,11619000000.0,0.04561,0.4094,0.753203,ORCL,65255000000.0,49550000000.0,32106000000.0,2062000000.0,30264000000.0,13800000000.0,32106000000.0,32512000000.0,5440000000.0,196000000.0,32743000000.0,65255000000.0,32156000000.0,18943000000.0,3523000000.0,1917000000.0,-122000000.0,0.0,1795000000.0,7502000000.0,5007400000.0,5026000000.0,5083000000.0
762000000.0,4406000000.0,26000000.0,614000000.0,327000000.0,15.4946,8.5403,0.5285,0.305535,2695.2611111111114,2502.065555555556,0.37,0.37,6.725,121000000.0,10420000000.0,0.05,,,19.1819,30.1847010101609,26.4077463265639,,15663000000.0,0.663236,1.7847,0.25134,0.088426,5742000000.0,1219000000.0,,1642000000.0,2011-06-30,17035000000.0,1.3533,0.4888,0.328322,709000000.0,95000000.0,-3203000000.0,21642000000.0,0.37,0.0,0.010112,0.157934,23.5566,42.7385,0.048956,2860000000.0,3569000000.0,0.31746,0.41587,0.325288,0.293532,0.333256,0.436464,108000000.0,0.293273,1.31017265e+11,0.275862,0.37037,13.2394,10.4081,60.571,4.8453,17.8984,14.4722,4.0953,13.2582,nm,0.163151,-0.2205,-3199365835.2,20889000000.0,0.74866,776000000.0,-1800000000.0,8526000000.0,0.925175,27040000000.0,0.235662,5157000000.0,0.043492,1.3079,nm,565000000.0,,1.929,14780000000.0,14780000000.0,0.284861,0.4241,138389265000.0,1530000000.0,128000000.0,-2778000000.0,944000000.0,128000000.0,-2778000000.0,944000000.0,-1598000000.0,-7810000000.0,1871000000.0,1871000000.0,0.282579,0.383136,1870000000.0,236000000.0,87634164.8,-7810000000.0,2870000000.0,-0.012662,164000000.0,0.008442,438000000.0,0.013096,2791000000.0,1220000000.0,350000000.0,1957634164.8,0.247131,0.228109,0.355805,19387000000.0,0.450077,-0.752685,7.801653,2157000000.0,0.322769,8582000000.0,0.425891,0.176113,2017000000.0,2935000000.0,76000000.0,90000000.0,1015000000.0,1136000000.0,-253000000.0,0.0,,4.0215,20.4265,4.3257,27.6945,0.217898,-9152000000.0,-121000000.0,1119000000.0,0.130389,-5000000.0,-255000000.0,236000000.0,18422000000.0,0.465005,0.143962,-0.068586,0.115151,0.226738,0.229747,0.298333,0.310995,6469000000.0,,156000000.0,0.018178,2255000000.0,14425000000.0,0.043462,0.9765,0.706727,ORCL,67243000000.0,51885000000.0,34412000000.0,2157000000.0,32723000000.0,13336000000.0,34412000000.0,34850000000.0,6425000000.0,214000000.0,32393000000.0,67243000000.0,31650000000.0,19057000000.0,3655000000.0,2770000000.0,-124000000.0,0.0,2646000000.0,8582000000.0,5054100000.0,5044000000.0,5117000000.0
673000000.0,4495000000.0,-867000000.0,612000000.0,427000000.0,13.1451,8.1859,0.5408,0.26954,2502.065555555556,2604.3042857142855,0.42,0.42,7.1115,48000000.0,11864000000.0,0.05,,,29.553,26.4077463265639,23.6157789507384,,16131000000.0,0.706742,1.7967,0.229576,0.28671,5849000000.0,1193000000.0,,1872000000.0,2011-09-30,14752000000.0,1.0576,0.3981,0.284727,701000000.0,89000000.0,-3178000000.0,21177000000.0,0.41,12.7311,0.006639,0.139314,27.7671,44.589,0.045466,3003000000.0,3704000000.0,0.580879,0.422638,0.037826,0.698529,0.342652,0.05,167000000.0,0.244016,1.602411e+11,0.782609,0.108108,14.3959,11.4876,20.4964,5.8363,19.5559,16.1079,4.6647,11.9216,nm,1.588281,-0.1726,1882125044.7,21425000000.0,0.770424,683000000.0,-314000000.0,8324000000.0,0.932068,27456000000.0,0.013885,376000000.0,0.015385,1.2598,28.6701,294000000.0,,1.9277,14752000000.0,14752000000.0,0.284727,0.3981,169402100000.0,1618000000.0,-2431000000.0,1032000000.0,2676000000.0,-2431000000.0,1032000000.0,2676000000.0,1444000000.0,-9603000000.0,2115000000.0,2115000000.0,0.779647,0.131551,2116000000.0,276000000.0,142125044.7,-9603000000.0,2894000000.0,-0.024991,174000000.0,0.008531,442000000.0,0.012396,3078000000.0,1519000000.0,350000000.0,2258125044.7,0.630224,0.257659,0.153497,21177000000.0,0.502527,1.834746,55.75,2012000000.0,0.340826,8764000000.0,0.429598,0.185291,2140000000.0,2888000000.0,53000000.0,16000000.0,1045000000.0,1145000000.0,-280000000.0,0.0,,4.6263,21.9946,4.9314,24.6654,0.241442,-6059000000.0,-133000000.0,1127000000.0,0.128594,-2253000000.0,-245000000.0,122000000.0,20059000000.0,0.36852,0.021207,-0.060328,0.130561,0.260993,0.264269,0.324597,0.349588,8006000000.0,85000000.0,286000000.0,0.032634,0.0,12491000000.0,0.0,1.3339,0.755984,ORCL,67666000000.0,51811000000.0,36617000000.0,2012000000.0,32459000000.0,11282000000.0,36617000000.0,37059000000.0,6752000000.0,204000000.0,30607000000.0,67666000000.0,32313000000.0,19325000000.0,3765000000.0,2987000000.0,-188000000.0,0.0,2799000000.0,8764000000.0,5038100000.0,5057000000.0,5149000000.0
494000000.0,6628000000.0,-174000000.0,599000000.0,542000000.0,13.2356,5.8335,0.5273,0.267462,2604.3042857142855,3092.6712500000003,0.63,0.63,7.7566,58000000.0,16163000000.0,0.06,2931000000.0,770000000.0,47.206,23.6157789507384,26.9070065586986,,16653000000.0,0.708174,1.8071,0.201132,0.331928,6802000000.0,1189000000.0,,2320000000.0,2011-12-31,15922000000.0,1.0604,0.3956,0.283476,684000000.0,85000000.0,-2716000000.0,26132000000.0,0.62,12.213,0.008283,0.131742,27.5771,62.5701,0.048706,4365000000.0,5049000000.0,0.267637,0.468628,0.363121,0.332011,0.405142,0.453546,82000000.0,0.23064,1.6302316e+11,0.319149,0.512195,13.3418,10.8574,17.9563,5.9674,18.0878,14.5375,4.5765,12.6769,2.911395,0.816904,-0.2343,3419639654.8,21553000000.0,0.798868,962000000.0,-460000000.0,7860000000.0,0.955556,27319000000.0,-0.00241,-66000000.0,-0.00499,1.3024,29.8861,348000000.0,1150000000.0,1.8912,14772000000.0,14772000000.0,0.263001,0.3671,175480160000.0,2098000000.0,859000000.0,-419000000.0,3777000000.0,859000000.0,-419000000.0,3777000000.0,4299000000.0,-12926000000.0,3209000000.0,3209000000.0,0.357445,0.516541,3209000000.0,303000000.0,144639654.8,-12926000000.0,2857000000.0,-0.017281,344000000.0,0.00835,469000000.0,0.012177,3169000000.0,1076000000.0,,3353639654.8,0.321934,0.311272,0.485143,24982000000.0,0.504182,0.411435,65.12069,2167000000.0,0.404585,10774000000.0,0.394283,0.213628,2206000000.0,3426000000.0,76000000.0,6000000.0,1015000000.0,1157000000.0,-304000000.0,0.0,,4.4117,20.5312,4.9262,16.9333,0.297847,-8148000000.0,-78000000.0,1170000000.0,0.108595,,-411000000.0,125000000.0,22581000000.0,0.133628,0.229347,-0.099035,0.157052,0.302621,0.306351,0.405386,0.422667,7961000000.0,20000000.0,256000000.0,0.023761,1150000000.0,12685000000.0,0.020475,2.0209,0.76936,ORCL,73535000000.0,56167000000.0,39776000000.0,2167000000.0,39174000000.0,14192000000.0,39776000000.0,40245000000.0,8607000000.0,194000000.0,33290000000.0,73535000000.0,31504000000.0,19098000000.0,4248000000.0,4359000000.0,-188000000.0,0.0,4171000000.0,10774000000.0,5057400000.0,5048000000.0,5128000000.0
614000000.0,4194000000.0,-343000000.0,592000000.0,592000000.0,12.6121,9.2215,0.5247,0.333702,3092.6712500000003,2879.0075,0.36,0.36,7.9402,160000000.0,13162000000.0,0.06,,,21.4718,26.9070065586986,27.4619655012801,0.0,16915000000.0,0.729849,1.7503,0.237401,0.442005,7925000000.0,1262000000.0,,1553000000.0,2012-03-31,14789000000.0,0.9423,0.3586,0.263957,709000000.0,117000000.0,-5510000000.0,26150000000.0,0.36,10.8307,0.010468,0.144328,28.9404,39.5815,0.0625,2663000000.0,3372000000.0,0.252135,0.402675,-0.332145,0.337519,0.318008,-0.38992,112000000.0,0.255362,1.280365e+11,0.333333,-0.419355,9.9322,8.1583,11.5221,5.2543,13.3828,9.9888,3.5084,12.6605,1.926697,0.036034,-0.3182,3542863213.3,21831000000.0,0.762599,631000000.0,2682000000.0,7662000000.0,0.927901,24368000000.0,-0.059623,-1545000000.0,-0.10802,1.4516,33.7004,182000000.0,,1.8863,14789000000.0,14789000000.0,0.263957,0.3586,144560500000.0,1630000000.0,-2211000000.0,-6323000000.0,5421000000.0,-2211000000.0,-6323000000.0,5421000000.0,-3001000000.0,-16871000000.0,1840000000.0,1840000000.0,0.360947,-0.426613,1840000000.0,259000000.0,157863213.3,-16871000000.0,2930000000.0,-0.013452,190000000.0,0.006193,347000000.0,0.01021,3281000000.0,1152000000.0,,1997863213.3,0.383666,0.238579,-0.40427,26150000000.0,0.420225,0.435266,33.88125,1988000000.0,0.320396,8374000000.0,0.442202,0.166847,1831000000.0,2964000000.0,24000000.0,-20000000.0,1078000000.0,1494000000.0,-467000000.0,0.0,,3.5352,16.0001,3.9612,12.6819,0.219728,-12588000000.0,-160000000.0,1050000000.0,0.125388,-1150000000.0,-800000000.0,120000000.0,23385000000.0,0.116236,-0.222758,-0.114492,0.115283,0.229463,0.23183,0.346322,0.359775,6768000000.0,,311000000.0,0.037139,0.0,18498000000.0,0.0,2.2134,0.744638,ORCL,73859000000.0,56028000000.0,40892000000.0,1988000000.0,39206000000.0,13056000000.0,40892000000.0,41239000000.0,6386000000.0,192000000.0,32620000000.0,73859000000.0,31723000000.0,19564000000.0,3703000000.0,2683000000.0,-212000000.0,0.0,2471000000.0,8374000000.0,5111100000.0,5062000000.0,5150000000.0
445000000.0,4434000000.0,-228000000.0,592000000.0,292000000.0,13.4598,8.3041,0.5238,0.406968,2879.0075,3140.137142857143,0.43,0.43,8.1827,129000000.0,13286000000.0,0.06,,,27.0366,27.4619655012801,29.1490525064676,0.0,17245000000.0,0.734858,1.7067,0.222475,0.411569,6091000000.0,1239000000.0,,1582000000.0,2012-06-30,14778000000.0,0.9249,0.3496,0.259059,701000000.0,109000000.0,-3602000000.0,27410000000.0,0.43,10.2,0.007968,0.144704,27.1178,43.9543,0.058261,3152000000.0,3853000000.0,0.079574,0.438239,0.142645,0.102098,0.358508,0.183627,-487000000.0,0.259459,1.4471905e+11,0.162162,0.194444,10.9777,9.0574,13.2507,5.5591,14.5966,11.0229,3.9429,12.7224,2.034837,-0.065495,-0.3118,3310821621.6,21994000000.0,0.777525,768000000.0,-1840000000.0,7152000000.0,0.939086,26033000000.0,-0.037241,-1007000000.0,0.068327,1.3832,35.7841,252000000.0,,1.8174,14778000000.0,14778000000.0,0.259059,0.3496,160606050000.0,1697000000.0,-1020000000.0,376000000.0,1255000000.0,-1020000000.0,376000000.0,1255000000.0,124000000.0,-16234000000.0,2192000000.0,2192000000.0,0.172193,0.191304,2192000000.0,218000000.0,111821621.6,-16234000000.0,2900000000.0,-0.009301,202000000.0,0.006083,347000000.0,0.010179,3383000000.0,1122000000.0,,2303821621.6,0.17684,0.262036,0.153143,27410000000.0,0.329449,-0.768493,9.728682,1956000000.0,0.353844,8792000000.0,0.423681,0.187776,1579000000.0,2954000000.0,29000000.0,41000000.0,1260000000.0,1410000000.0,-303000000.0,0.0,,3.8313,17.1643,4.3757,12.5729,0.249318,-8834000000.0,-129000000.0,1102000000.0,0.125341,,-998000000.0,57000000.0,24383000000.0,0.02447,0.049916,-0.115902,0.130585,0.244024,0.246533,0.362436,0.371737,9567000000.0,,277000000.0,0.031506,0.0,17726000000.0,0.0,2.4935,0.740541,ORCL,72910000000.0,57045000000.0,41920000000.0,1956000000.0,38482000000.0,11072000000.0,41920000000.0,42267000000.0,6836000000.0,192000000.0,30643000000.0,72910000000.0,31528000000.0,19571000000.0,3725000000.0,3111000000.0,-151000000.0,0.0,2960000000.0,8792000000.0,5097700000.0,5041000000.0,5123000000.0
442000000.0,4656000000.0,-2262000000.0,606000000.0,416000000.0,14.3839,8.082,0.5207,0.538454,3140.137142857143,2998.25,0.5,0.5,8.4396,142000000.0,13781000000.0,0.06,,,29.9824,29.1490525064676,31.1073217814737,0.0,17341000000.0,0.738642,1.6675,0.211085,0.338754,6285000000.0,1290000000.0,,1665000000.0,2012-09-30,14777000000.0,0.9042,0.3415,0.254587,730000000.0,124000000.0,-3836000000.0,25906000000.0,0.49,10.1958,0.010742,0.141288,25.3757,45.1623,0.065532,3338000000.0,4068000000.0,0.098272,0.45005,0.055801,0.111555,0.369289,0.05901,194000000.0,0.20648,1.340434e+11,0.195122,0.139535,9.9159,8.2024,14.1935,4.7363,13.0279,9.9564,3.6249,12.6858,-0.050486,-0.460223,-0.3059,1787104828.5,23819000000.0,0.788915,650000000.0,-418000000.0,7455000000.0,0.94308,28301000000.0,0.030777,845000000.0,0.08712,1.3264,35.7991,79000000.0,,1.7682,14777000000.0,14777000000.0,0.254587,0.3415,148615400000.0,1700000000.0,-2119000000.0,-590000000.0,3010000000.0,-2119000000.0,-590000000.0,3010000000.0,495000000.0,-14965000000.0,2497000000.0,2497000000.0,0.180529,0.139599,2498000000.0,172000000.0,134104828.5,-14965000000.0,2936000000.0,-0.010917,201000000.0,0.006771,393000000.0,0.010395,3216000000.0,977000000.0,,2632104828.5,0.165615,0.291194,0.142495,25906000000.0,0.124813,1.398406,21.197183,1908000000.0,0.366965,9039000000.0,0.421949,0.1923,1678000000.0,3240000000.0,18000000.0,21000000.0,1636000000.0,1470000000.0,-302000000.0,0.0,,3.4664,15.2598,4.0189,12.8128,0.276358,-8323000000.0,-142000000.0,1145000000.0,0.126673,-255000000.0,-1659000000.0,102000000.0,25116000000.0,0.031378,0.028094,-0.121477,0.143908,0.262021,0.264774,0.38625,0.397167,10137000000.0,,261000000.0,0.028875,0.0,15961000000.0,0.0,2.2833,0.79352,ORCL,74361000000.0,58043000000.0,42873000000.0,1908000000.0,37538000000.0,11632000000.0,42873000000.0,43266000000.0,7131000000.0,190000000.0,31095000000.0,74361000000.0,33887000000.0,19463000000.0,3814000000.0,3317000000.0,-169000000.0,0.0,3148000000.0,9039000000.0,4996000000.0,5007000000.0,5080000000.0
438000000.0,6377000000.0,-1869000000.0,640000000.0,112000000.0,17.1567,5.7087,0.4889,0.723775,2998.25,3246.57,0.7,0.7,8.5747,217000000.0,14955000000.0,0.06,2731000000.0,737000000.0,53.1858,31.1073217814737,30.1830646217001,,17489000000.0,0.721388,1.7252,0.196317,0.279277,7035000000.0,877000000.0,528000000.0,2002000000.0,2012-12-31,16474000000.0,0.9898,0.3737,0.272023,776000000.0,136000000.0,-3091000000.0,27585000000.0,0.68,10.5231,0.012257,0.13706,21.2745,63.9372,0.074008,4575000000.0,5351000000.0,0.059814,0.490198,0.315388,0.04811,0.41911,0.370581,-290000000.0,0.21264,1.2106165e+11,0.096774,0.387755,8.8186,7.2736,15.1556,4.0509,11.4708,8.809,3.2613,12.6305,-0.692389,-0.411383,-0.3217,1051920374.2,25119000000.0,0.803683,932000000.0,-316000000.0,7899000000.0,0.958033,29885000000.0,0.093927,2566000000.0,0.05597,1.2978,34.6855,220000000.0,1700000000.0,1.8008,13524000000.0,13524000000.0,0.223312,0.3068,134864650000.0,1963000000.0,-749000000.0,-1844000000.0,4057000000.0,-749000000.0,-1844000000.0,4057000000.0,1174000000.0,-14202000000.0,3452000000.0,3452000000.0,0.075413,0.381505,3451000000.0,158000000.0,166920374.2,-14202000000.0,3021000000.0,-0.012306,145000000.0,0.006588,399000000.0,0.010293,3759000000.0,595000000.0,,3617920374.2,0.078804,0.331433,0.374535,24635000000.0,0.074133,0.347841,18.695853,2143000000.0,0.420942,10916000000.0,0.382741,0.204893,1935000000.0,2435000000.0,26000000.0,-20000000.0,1670000000.0,1569000000.0,-296000000.0,0.0,,3.087,13.5121,3.6331,12.6396,0.316141,-8880000000.0,-217000000.0,1226000000.0,0.112312,,-2399000000.0,72000000.0,26087000000.0,0.01318,0.207656,-0.142329,0.154555,0.284857,0.287819,0.430149,0.442455,9122000000.0,,277000000.0,0.025376,2950000000.0,15721000000.0,0.048711,2.0942,0.78736,ORCL,78327000000.0,60561000000.0,43688000000.0,2143000000.0,40023000000.0,15388000000.0,43688000000.0,44087000000.0,8773000000.0,192000000.0,34240000000.0,78327000000.0,35283000000.0,18852000000.0,4178000000.0,4595000000.0,-212000000.0,0.0,4383000000.0,10916000000.0,5015600000.0,5015000000.0,5095000000.0
388000000.0,3775000000.0,-361000000.0,619000000.0,311000000.0,15.5329,9.2679,0.491,0.919509,3246.57,3367.4085714285716,0.42,0.42,8.7728,139000000.0,15667000000.0,0.06,,,25.4295,30.1830646217001,28.6706438147977,0.0,17901000000.0,0.740578,1.655,0.216966,0.31949,8316000000.0,913000000.0,,1472000000.0,2013-03-31,14771000000.0,0.8736,0.3377,0.252466,746000000.0,127000000.0,-6140000000.0,25467000000.0,0.41,9.5448,0.008184,0.120295,23.4985,39.3832,0.065091,2890000000.0,3636000000.0,0.078292,0.444444,-0.320501,0.085242,0.353258,-0.368306,71000000.0,0.247224,1.3989035e+11,0.138889,-0.397059,10.0244,8.2736,17.081,5.2004,13.0473,9.9972,3.7882,12.3774,-1.102956,-1.346755,-0.3967,-364758697.3,25288000000.0,0.783034,668000000.0,2723000000.0,7376000000.0,0.934948,26900000000.0,0.103907,2532000000.0,-0.099883,1.4406,38.2408,517000000.0,,1.7701,13521000000.0,13521000000.0,0.231101,0.3092,156319350000.0,1545000000.0,-4520000000.0,-510000000.0,5671000000.0,-4520000000.0,-510000000.0,5671000000.0,712000000.0,-16836000000.0,2034000000.0,2034000000.0,0.105435,-0.410606,2034000000.0,148000000.0,133241302.7,-16836000000.0,3037000000.0,-0.007906,168000000.0,0.006956,407000000.0,0.008873,3732000000.0,547000000.0,,2167241302.7,0.08478,0.264912,-0.40097,24217000000.0,0.046117,0.397831,40.798561,1775000000.0,0.351913,8181000000.0,0.431121,0.173452,1729000000.0,2529000000.0,62000000.0,11000000.0,2138000000.0,1614000000.0,-323000000.0,0.0,,3.6077,15.3631,4.2331,14.6572,0.248625,-6804000000.0,-139000000.0,1201000000.0,0.146804,-1700000000.0,-3076000000.0,-113000000.0,25117000000.0,-0.023048,-0.25055,-0.154516,0.122077,0.225097,0.227112,0.381628,0.389534,6794000000.0,,275000000.0,0.033614,1250000000.0,15940000000.0,0.021365,2.1593,0.752776,ORCL,76558000000.0,58507000000.0,43329000000.0,1775000000.0,38172000000.0,13955000000.0,43329000000.0,43736000000.0,6406000000.0,188000000.0,32822000000.0,76558000000.0,35349000000.0,18867000000.0,3527000000.0,2879000000.0,-177000000.0,0.0,2702000000.0,8181000000.0,4842900000.0,4867000000.0,4939000000.0
372000000.0,4401000000.0,-299000000.0,584000000.0,222000000.0,18.6536,8.4278,0.488,1.073646,3367.4085714285716,3772.8385714285714,0.54,0.54,8.8297,212000000.0,15912000000.0,0.06,,,32.8905,28.6706438147977,31.0862733378251,0.0,18015000000.0,0.680466,1.6808,0.197273,0.277832,6504000000.0,893000000.0,,1546000000.0,2013-06-30,19757000000.0,1.1455,0.4551,0.312774,718000000.0,134000000.0,-3663000000.0,30032000000.0,0.53,9.149,0.008035,0.114729,19.5673,43.3088,0.067446,3475000000.0,4193000000.0,0.088243,0.461073,0.15319,0.102475,0.38212,0.202422,47000000.0,0.21311,1.431169e+11,0.232558,0.292683,10.0236,8.2976,18.5612,4.856,12.8361,10.5754,3.8441,12.4245,-1.213755,-0.940198,-0.3522,-707703963.4,25458000000.0,0.802727,699000000.0,-2707000000.0,6873000000.0,0.943885,29472000000.0,0.132102,3439000000.0,0.095613,1.3415,39.8953,235000000.0,4974000000.0,1.7807,18507000000.0,18507000000.0,0.292985,0.4263,156627900000.0,1773000000.0,1955000000.0,-2552000000.0,795000000.0,1955000000.0,-2552000000.0,795000000.0,245000000.0,-13938000000.0,2581000000.0,2581000000.0,0.177464,0.268928,2581000000.0,164000000.0,150296036.6,-13938000000.0,3093000000.0,-0.009963,203000000.0,0.00676,427000000.0,0.009034,3906000000.0,782000000.0,,2731296036.6,0.18555,0.30034,0.260264,28782000000.0,-0.366534,-0.859813,3.75,1794000000.0,0.38168,9094000000.0,0.421047,0.186493,1976000000.0,2675000000.0,33000000.0,4000000.0,2322000000.0,1487000000.0,-291000000.0,0.0,,3.6439,14.8266,4.207,14.7041,0.283814,-10510000000.0,-212000000.0,1199000000.0,0.131845,,-2996000000.0,10000000.0,24746000000.0,0.034349,0.1116,-0.145396,0.138515,0.255185,0.257511,0.402907,0.41287,8469000000.0,,263000000.0,0.02892,1250000000.0,17783000000.0,0.019789,2.1882,0.78689,ORCL,79657000000.0,63167000000.0,42983000000.0,1794000000.0,41129000000.0,12347000000.0,42983000000.0,43410000000.0,7300000000.0,195000000.0,36247000000.0,79657000000.0,35435000000.0,23900000000.0,3829000000.0,3471000000.0,-191000000.0,0.0,3280000000.0,9094000000.0,4779600000.0,4792000000.0,4868000000.0
361000000.0,4169000000.0,-932000000.0,586000000.0,154000000.0,18.5006,8.419,0.483,1.169631,3772.8385714285714,4159.8133333333335,0.53,0.53,9.0083,116000000.0,16101000000.0,0.18,,,33.0351,31.0862733378251,35.9860843524234,0.0,18645000000.0,0.682194,1.6569,0.191561,0.321149,6278000000.0,829000000.0,,1557000000.0,2013-09-30,19752000000.0,1.1484,0.4511,0.31085,725000000.0,139000000.0,-3387000000.0,30020000000.0,0.52,9.41,0.013139,0.166509,19.7291,43.3541,0.064153,3295000000.0,4020000000.0,-0.011799,0.448761,-0.041259,-0.012882,0.367828,-0.051799,-31000000.0,0.189644,1.5154988e+11,0.061224,-0.018868,10.6463,8.811,16.151,5.029,13.5103,11.0483,4.0795,12.4452,-0.514451,2.226116,-0.3288,867726860.8,26102000000.0,0.808439,586000000.0,-130000000.0,6662000000.0,0.937785,30135000000.0,0.064803,1834000000.0,0.022496,1.2714,38.7885,548000000.0,,1.7668,18502000000.0,18502000000.0,0.291177,0.4225,164762880000.0,1802000000.0,-2309000000.0,-665000000.0,3194000000.0,-2309000000.0,-665000000.0,3194000000.0,189000000.0,-13655000000.0,2504000000.0,2504000000.0,0.002402,-0.029833,2504000000.0,211000000.0,197726860.8,-13655000000.0,3034000000.0,-0.013817,95000000.0,0.006956,442000000.0,0.009592,3775000000.0,651000000.0,,2701726860.8,0.026451,0.301599,-0.010826,28770000000.0,0.06113,3.01761,27.534483,1716000000.0,0.372181,8958000000.0,0.436258,0.177678,2070000000.0,2470000000.0,125000000.0,-39000000.0,2315000000.0,1467000000.0,-850000000.0,0.0,,3.8009,15.5878,4.4352,15.5672,0.279527,-6713000000.0,-116000000.0,1186000000.0,0.132396,,-2132000000.0,74000000.0,24549000000.0,-0.008961,-0.014955,-0.130609,0.135025,0.250432,0.252858,0.383466,0.397284,7096000000.0,,260000000.0,0.029024,1250000000.0,17306000000.0,0.019672,2.1995,0.810356,ORCL,79450000000.0,63542000000.0,43348000000.0,1716000000.0,40686000000.0,11916000000.0,43348000000.0,43790000000.0,7242000000.0,205000000.0,35660000000.0,79450000000.0,35730000000.0,23744000000.0,3908000000.0,3334000000.0,-244000000.0,0.0,3090000000.0,8958000000.0,4724500000.0,4735000000.0,4812000000.0
419000000.0,6049000000.0,-1713000000.0,596000000.0,-99000000.0,17.2205,5.9842,0.4643,1.142792,4159.8133333333335,4202.429999999999,0.8,0.8,9.2172,183000000.0,14613000000.0,,2644000000.0,781000000.0,49.6415,35.9860843524234,38.6013249865754,,18893000000.0,0.701582,1.7201,0.191285,0.32638,7118000000.0,974000000.0,911000000.0,1851000000.0,2013-12-31,18494000000.0,1.0492,0.4097,0.290608,742000000.0,146000000.0,-3396000000.0,28820000000.0,0.8,9.8435,0.013318,0.134005,21.1956,60.9937,0.066766,5035000000.0,5777000000.0,0.079611,0.527724,0.437065,0.100546,0.459943,0.528073,-197000000.0,0.211355,1.5040532e+11,0.176471,0.538462,10.2351,8.5332,15.0332,4.7865,13.0302,10.5741,4.0453,12.2423,1.286508,1.771868,-0.3129,2405224202.2,27343000000.0,0.808715,1020000000.0,-305000000.0,6640000000.0,0.958491,31423000000.0,0.051464,1538000000.0,0.042741,1.2129,37.0804,227000000.0,193000000.0,1.7946,18494000000.0,18494000000.0,0.290608,0.4097,163630320000.0,1942000000.0,-3626000000.0,-2229000000.0,4564000000.0,-3626000000.0,-2229000000.0,4564000000.0,-1488000000.0,-13722000000.0,3806000000.0,3806000000.0,0.102869,0.519968,3806000000.0,240000000.0,137224202.2,-13722000000.0,3053000000.0,-0.009828,321000000.0,0.00781,497000000.0,0.010041,3899000000.0,766000000.0,,3943224202.2,0.089915,0.36021,0.45952,28820000000.0,0.124969,0.428929,24.939891,2094000000.0,0.456746,10947000000.0,0.351969,0.213573,2213000000.0,2573000000.0,21000000.0,35000000.0,2318000000.0,1402000000.0,,0.0,,3.6649,14.9776,4.401,15.3427,0.347675,-8133000000.0,-183000000.0,1264000000.0,0.115465,-1250000000.0,-2817000000.0,-223000000.0,25854000000.0,0.00284,0.222036,-0.139797,0.161442,0.294116,0.2971,0.436897,0.446725,7800000000.0,,274000000.0,0.02503,,17603000000.0,0.0,2.2017,0.788645,ORCL,81812000000.0,63639000000.0,44648000000.0,2094000000.0,41692000000.0,12872000000.0,44648000000.0,45145000000.0,8853000000.0,209000000.0,36667000000.0,81812000000.0,37067000000.0,23795000000.0,3853000000.0,5000000000.0,-174000000.0,0.0,4826000000.0,10947000000.0,4770700000.0,4769000000.0,4844000000.0
367000000.0,3450000000.0,-1314000000.0,595000000.0,-344000000.0,19.404,10.3449,0.4586,1.140227,4202.429999999999,4378.857142857143,0.48,0.48,9.3156,153000000.0,19664000000.0,0.12,,,26.2141,38.6013249865754,38.357555237168,0.0,19055000000.0,0.639425,1.7178,0.205566,0.34521,8524000000.0,937000000.0,571000000.0,1425000000.0,2014-03-31,24108000000.0,1.3686,0.5481,0.35404,745000000.0,150000000.0,-6640000000.0,32464000000.0,0.47,9.7416,0.014067,0.155477,18.8106,35.283,0.074419,2880000000.0,3625000000.0,-0.003025,0.432991,-0.372512,-0.00346,0.344004,-0.428004,-81000000.0,0.177244,1.3436264e+11,0.146341,-0.4125,9.1497,7.6277,13.9281,4.6348,11.4479,9.051,3.5954,12.2749,1.750575,-0.886173,-0.3629,273778820.9,27965000000.0,0.794434,472000000.0,3179000000.0,6914000000.0,0.924653,28990000000.0,0.077695,2090000000.0,-0.077427,1.3373,37.468,285000000.0,5566000000.0,1.8577,22575000000.0,22575000000.0,0.331527,0.5132,148913640000.0,1620000000.0,2341000000.0,-3501000000.0,6292000000.0,2341000000.0,-3501000000.0,6292000000.0,5051000000.0,-14996000000.0,2191000000.0,2191000000.0,0.077188,-0.42433,2191000000.0,243000000.0,172778820.9,-14996000000.0,3052000000.0,-0.010856,177000000.0,0.006535,445000000.0,0.009713,3860000000.0,722000000.0,,2363778820.9,0.090686,0.282343,-0.400547,30931000000.0,0.109504,0.378615,41.124183,1721000000.0,0.343168,8372000000.0,0.451266,0.157774,1723000000.0,2106000000.0,40000000.0,7000000.0,2296000000.0,1459000000.0,-582000000.0,0.0,,3.4201,13.4374,3.9847,17.1916,0.261706,-8549000000.0,-153000000.0,1237000000.0,0.147754,,-2968000000.0,66000000.0,24830000000.0,0.023347,-0.235224,-0.140953,0.120029,0.234328,0.236627,0.377579,0.388435,6515000000.0,,260000000.0,0.031056,1533000000.0,19440000000.0,0.022513,1.8532,0.822756,ORCL,86406000000.0,68094000000.0,43541000000.0,1721000000.0,45457000000.0,14526000000.0,43541000000.0,43986000000.0,6651000000.0,217000000.0,42420000000.0,86406000000.0,37897000000.0,27894000000.0,3778000000.0,2873000000.0,-210000000.0,0.0,2663000000.0,8372000000.0,4564600000.0,4608000000.0,4674000000.0
408000000.0,4192000000.0,-434000000.0,577000000.0,-226000000.0,18.8154,8.7401,0.4555,1.151348,4378.857142857143,4509.9685714285715,0.56,0.56,9.4702,126000000.0,14894000000.0,0.12,,,32.2608,38.357555237168,36.3344761548605,0.0,19403000000.0,0.638454,1.7587,0.194825,0.327276,6667000000.0,963000000.0,543000000.0,1566000000.0,2014-06-30,24166000000.0,1.3743,0.5484,0.354174,729000000.0,152000000.0,-4307000000.0,32667000000.0,0.56,9.8985,0.014461,0.178849,19.399,41.7614,0.068094,3433000000.0,4162000000.0,-0.007393,0.448733,0.148138,-0.012086,0.370135,0.192014,80000000.0,0.202935,1.50029e+11,0.056604,0.191489,10.2458,8.5321,15.0969,4.7997,12.797,9.8729,3.9952,12.2479,2.316924,2.40418,-0.3058,931992507.0,28269000000.0,0.805175,650000000.0,-2321000000.0,6521000000.0,0.933003,31258000000.0,0.0606,1786000000.0,0.078234,1.2367,36.8744,480000000.0,,1.885,22641000000.0,22641000000.0,0.331824,0.5138,162334000000.0,1877000000.0,-2867000000.0,-3129000000.0,1146000000.0,-2867000000.0,-3129000000.0,1146000000.0,-4770000000.0,-12808000000.0,2553000000.0,2553000000.0,-0.010849,0.165221,2553000000.0,234000000.0,164992507.0,-12808000000.0,3039000000.0,-0.012338,185000000.0,0.007372,503000000.0,0.010631,3950000000.0,760000000.0,,2717992507.0,-0.004871,0.293045,0.149851,31142000000.0,0.441509,-0.817864,9.095238,1807000000.0,0.367655,9275000000.0,0.43752,0.168584,1889000000.0,2401000000.0,31000000.0,23000000.0,2397000000.0,1471000000.0,-545000000.0,0.0,,3.7264,14.6855,4.3229,18.5038,0.275256,-10009000000.0,-126000000.0,1273000000.0,0.137251,,-2833000000.0,69000000.0,24386000000.0,0.019903,0.10786,-0.114578,0.12537,0.245192,0.247826,0.362405,0.374743,7440000000.0,,262000000.0,0.028248,1525000000.0,22080000000.0,0.02235,1.9072,0.797065,ORCL,85238000000.0,68232000000.0,43563000000.0,1807000000.0,44252000000.0,13110000000.0,43563000000.0,44066000000.0,7468000000.0,230000000.0,41172000000.0,85238000000.0,37947000000.0,28062000000.0,4058000000.0,3410000000.0,-207000000.0,0.0,3203000000.0,9275000000.0,4558900000.0,4535000000.0,4600000000.0
396000000.0,4071000000.0,-1318000000.0,560000000.0,-235000000.0,19.5429,9.1993,0.4566,1.108952,4509.9685714285715,4778.2242857142855,0.57,0.57,9.772,147000000.0,16832000000.0,0.12,,,31.8066,36.3344761548605,42.8155348573726,0.0,20336000000.0,0.643933,1.7425,0.190717,0.313508,6473000000.0,1012000000.0,438000000.0,1583000000.0,2014-09-30,24193000000.0,1.3629,0.5348,0.348462,710000000.0,150000000.0,-4397000000.0,32828000000.0,0.56,10.8064,0.009756,0.150067,18.6768,39.6771,0.06212,3477000000.0,4187000000.0,0.041542,0.449876,0.006007,0.055235,0.37359,0.012817,-51000000.0,0.210526,1.6642425e+11,0.076923,0.0,11.2259,9.3755,17.0312,5.168,14.0564,11.0735,4.391,12.4551,-0.137917,-0.197362,-0.2998,748052631.6,29322000000.0,0.809283,684000000.0,-379000000.0,6558000000.0,0.934426,32203000000.0,0.068625,2068000000.0,0.030232,1.216,33.7763,754000000.0,,1.8648,22677000000.0,22677000000.0,0.326626,0.5013,178928250000.0,1829000000.0,-1736000000.0,698000000.0,3027000000.0,-1736000000.0,698000000.0,3027000000.0,1938000000.0,-13032000000.0,2565000000.0,2565000000.0,0.024361,0.0047,2565000000.0,227000000.0,251052631.6,-13032000000.0,3052000000.0,-0.018815,131000000.0,0.007605,528000000.0,0.010896,4055000000.0,720000000.0,,2816052631.6,0.042316,0.302574,0.036078,31312000000.0,-0.052286,1.641361,20.591837,1775000000.0,0.38326,9307000000.0,0.426023,0.170583,1869000000.0,2686000000.0,91000000.0,-90000000.0,2506000000.0,1503000000.0,-541000000.0,0.0,,4.0022,16.0979,4.7209,20.2706,0.275599,-6992000000.0,-147000000.0,1292000000.0,0.13882,,-2040000000.0,33000000.0,24606000000.0,0.03896,0.00345,-0.115933,0.12584,0.249246,0.251992,0.367925,0.386739,9155000000.0,,251000000.0,0.026969,1516000000.0,20393000000.0,0.021836,1.9294,0.789474,ORCL,86562000000.0,69428000000.0,44707000000.0,1775000000.0,44404000000.0,13092000000.0,44707000000.0,45235000000.0,7532000000.0,228000000.0,41327000000.0,86562000000.0,39106000000.0,28235000000.0,3965000000.0,3567000000.0,-318000000.0,0.0,3249000000.0,9307000000.0,4500000000.0,4496000000.0,4575000000.0
471000000.0,6087000000.0,-422000000.0,568000000.0,-164000000.0,16.2607,6.3077,0.4449,1.097125,4778.2242857142855,4926.4457142857145,0.81,0.81,10.182,154000000.0,17769000000.0,0.12,2841000000.0,827000000.0,46.239,42.8155348573726,41.1958268040486,0.0,21077000000.0,0.655233,1.7665,0.170745,0.327255,7269000000.0,914000000.0,416000000.0,1940000000.0,2014-12-31,24097000000.0,1.3749,0.5079,0.336814,724000000.0,156000000.0,-3572000000.0,35247000000.0,0.79,10.8199,0.012071,0.201369,22.4468,57.866,0.056627,4828000000.0,5552000000.0,-0.038948,0.490416,0.326009,-0.041112,0.426464,0.388553,-106000000.0,0.205491,1.7930708e+11,-0.0125,0.410714,12.2662,10.2309,17.0828,5.4792,15.1976,12.0171,4.6847,12.5204,0.08025,2.473342,-0.3072,2598242754.4,29652000000.0,0.829255,943000000.0,-285000000.0,6137000000.0,0.950497,32725000000.0,0.041435,1302000000.0,0.01621,1.1933,33.7343,636000000.0,,1.8585,22589000000.0,22589000000.0,0.315736,0.4761,193460080000.0,2241000000.0,-1806000000.0,-1607000000.0,4456000000.0,-1806000000.0,-1607000000.0,4456000000.0,937000000.0,-14722000000.0,3646000000.0,3646000000.0,-0.042039,0.421442,3646000000.0,189000000.0,254242754.4,-14722000000.0,3061000000.0,-0.017877,373000000.0,0.007953,569000000.0,0.011513,4184000000.0,837000000.0,,3900242754.4,-0.0109,0.344514,0.385004,33739000000.0,-0.023663,0.472085,28.935065,1933000000.0,0.433619,11321000000.0,0.395636,0.189715,2119000000.0,2785000000.0,68000000.0,-81000000.0,2451000000.0,1657000000.0,-538000000.0,0.0,,4.1269,17.6595,5.0545,17.4461,0.322056,-6766000000.0,-154000000.0,1349000000.0,0.119159,,-1972000000.0,56000000.0,25965000000.0,0.034165,0.216396,-0.131787,0.143269,0.276118,0.279334,0.41112,0.428997,5735000000.0,,265000000.0,0.023408,1508000000.0,21050000000.0,0.021078,2.4086,0.794509,ORCL,90266000000.0,71544000000.0,46878000000.0,1933000000.0,48128000000.0,14389000000.0,46878000000.0,47447000000.0,9388000000.0,239000000.0,42819000000.0,90266000000.0,39077000000.0,28430000000.0,4479000000.0,4909000000.0,-320000000.0,0.0,4589000000.0,11321000000.0,4526900000.0,4528000000.0,4604000000.0
423000000.0,3551000000.0,-37000000.0,547000000.0,-193000000.0,18.2177,10.9981,0.4137,1.007764,4926.4457142857145,5082.072857142857,0.49,0.49,10.412,201000000.0,24179000000.0,0.12,,,23.8545,41.1958268040486,38.6103087567835,0.0,21709000000.0,0.588263,1.8476,0.195556,0.412058,8939000000.0,833000000.0,425000000.0,1491000000.0,2015-03-31,32567000000.0,1.8518,0.6795,0.404569,707000000.0,160000000.0,-6799000000.0,44817000000.0,0.48,10.7025,0.015222,0.199854,20.0354,33.1874,0.057963,2979000000.0,3686000000.0,0.016828,0.428804,-0.336095,0.034375,0.346557,-0.382974,-138000000.0,0.196468,1.7040644e+11,0.021277,-0.392405,11.5789,9.6893,14.2919,5.9001,14.4225,11.0963,4.4263,12.5445,8.090788,-0.042097,-0.3704,2488865342.2,29707000000.0,0.804444,534000000.0,3627000000.0,5605000000.0,0.912387,28882000000.0,-0.003725,-108000000.0,-0.117433,1.3305,34.1043,593000000.0,9945000000.0,2.025,32567000000.0,32567000000.0,0.404569,0.6795,188878440000.0,1706000000.0,6520000000.0,-6700000000.0,6728000000.0,6520000000.0,-6700000000.0,6728000000.0,6410000000.0,-19049000000.0,2184000000.0,2184000000.0,-0.003195,-0.400987,2184000000.0,179000000.0,196865342.2,-19049000000.0,3086000000.0,-0.011565,210000000.0,0.007168,577000000.0,0.011119,4148000000.0,916000000.0,,2380865342.2,0.007228,0.276974,-0.38956,44817000000.0,0.069294,0.509874,33.472637,1681000000.0,0.344695,8596000000.0,0.459749,0.143361,2015000000.0,2099000000.0,46000000.0,16000000.0,2218000000.0,1703000000.0,-564000000.0,0.0,,3.9886,17.2523,4.9061,15.685,0.254072,-10340000000.0,-201000000.0,1329000000.0,0.154607,-1500000000.0,-2000000000.0,94000000.0,25838000000.0,0.026756,-0.240703,-0.140775,0.105103,0.225203,0.227735,0.36851,0.380075,3878000000.0,,276000000.0,0.032108,,27437000000.0,0.0,2.6478,0.803532,ORCL,99726000000.0,80498000000.0,47354000000.0,1681000000.0,58194000000.0,13377000000.0,47354000000.0,47931000000.0,6915000000.0,261000000.0,51795000000.0,99726000000.0,38446000000.0,38418000000.0,3952000000.0,2963000000.0,-245000000.0,0.0,2718000000.0,8596000000.0,4457100000.0,4451000000.0,4548000000.0
490000000.0,4326000000.0,-5085000000.0,569000000.0,-468000000.0,16.2316,9.1153,0.423,0.958429,5082.072857142857,4680.105,0.57,0.57,10.5534,225000000.0,16153000000.0,0.12,,,28.6239,38.6103087567835,34.7348531082197,0.0,22039000000.0,0.591198,1.836,0.197854,0.220521,6816000000.0,907000000.0,440000000.0,1546000000.0,2015-06-30,32456000000.0,1.8327,0.6767,0.403591,733000000.0,164000000.0,-4678000000.0,40055000000.0,0.56,11.0682,0.011888,0.215197,22.487,40.0426,0.057035,3551000000.0,4284000000.0,0.029313,0.446343,0.162235,0.034372,0.369973,0.192011,-425000000.0,0.234628,1.7919905e+11,0.0,0.166667,12.0795,10.1191,24.2779,5.0217,15.1759,11.7331,4.6159,12.5071,-2.841274,-1.689492,-0.2726,-1716053533.2,33383000000.0,0.802146,767000000.0,-2446000000.0,7167000000.0,0.920586,35685000000.0,0.141628,4427000000.0,0.235545,1.1599,32.9774,314000000.0,,1.9944,32456000000.0,32456000000.0,0.403591,0.6767,191057050000.0,1897000000.0,-2454000000.0,-6209000000.0,1062000000.0,-2454000000.0,-6209000000.0,1062000000.0,-8026000000.0,-12277000000.0,2501000000.0,2501000000.0,-0.019976,0.145604,2502000000.0,208000000.0,208946466.8,-12277000000.0,3169000000.0,-0.016659,274000000.0,0.00521,419000000.0,0.010019,4231000000.0,427000000.0,,2710946466.8,-0.002592,0.282449,0.138639,40055000000.0,-0.073298,-0.842152,4.72,1899000000.0,0.369035,9598000000.0,0.433111,0.156509,1866000000.0,2693000000.0,21000000.0,9000000.0,2119000000.0,1671000000.0,-702000000.0,0.0,,4.0186,17.533,4.9214,27.3212,0.260679,-7174000000.0,-225000000.0,1389000000.0,0.144718,,-2087000000.0,31000000.0,25972000000.0,0.034825,0.116566,-0.093838,0.110275,0.231419,0.233761,0.327599,0.344258,6275000000.0,,272000000.0,0.028339,,28580000000.0,0.0,1.5523,0.765372,ORCL,98305000000.0,80418000000.0,47543000000.0,1899000000.0,52040000000.0,11985000000.0,47543000000.0,47962000000.0,7699000000.0,282000000.0,50343000000.0,98305000000.0,43096000000.0,38358000000.0,4157000000.0,3542000000.0,-273000000.0,0.0,3269000000.0,9598000000.0,4389500000.0,4417000000.0,4505000000.0
626000000.0,4178000000.0,-1110000000.0,526000000.0,-764000000.0,14.5068,9.4174,0.4191,0.959176,4680.105,5035.83,0.57,0.57,10.702,368000000.0,13701000000.0,0.12,,,26.2025,34.7348531082197,35.2674338960936,0.0,22694000000.0,0.595316,1.8193,0.20371,0.198304,6443000000.0,931000000.0,318000000.0,1564000000.0,2015-09-30,32257000000.0,1.8277,0.6647,0.399275,704000000.0,178000000.0,-4276000000.0,39501000000.0,0.56,12.6049,0.011474,0.215572,25.1605,38.7581,0.05498,3423000000.0,4127000000.0,-0.01433,0.442479,-0.036648,-0.015531,0.366999,-0.036046,-417000000.0,0.207937,1.8584408e+11,0.0,0.0,12.5732,10.53,27.0799,5.0212,15.9225,12.8089,4.7846,12.1628,-3.846657,-0.240899,-0.2618,-2129449206.3,34328000000.0,0.79629,655000000.0,-1101000000.0,6842000000.0,0.920245,37012000000.0,0.149334,4809000000.0,0.037186,1.1224,28.957,549000000.0,,1.977,30258000000.0,30258000000.0,0.374531,0.6235,196927080000.0,1839000000.0,-1884000000.0,-2414000000.0,2263000000.0,-1884000000.0,-2414000000.0,2263000000.0,-2452000000.0,-11520000000.0,2496000000.0,2496000000.0,-0.02729,-0.002798,2495000000.0,285000000.0,184550793.7,-11520000000.0,3335000000.0,-0.015033,164000000.0,0.005409,437000000.0,0.010291,4297000000.0,674000000.0,,2679550793.7,-0.048473,0.28729,-0.011581,37502000000.0,-0.252395,1.130885,6.149457,1900000000.0,0.36271,9327000000.0,0.43358,0.153794,2123000000.0,2842000000.0,89000000.0,40000000.0,2343000000.0,1937000000.0,-530000000.0,0.0,,4.0945,18.1885,5.07,28.4371,0.267503,-5825000000.0,-368000000.0,1370000000.0,0.146885,,-1992000000.0,56000000.0,26165000000.0,0.002149,-0.028235,-0.088365,0.112099,0.231668,0.234077,0.322442,0.337475,4889000000.0,,252000000.0,0.027018,1999000000.0,30076000000.0,0.024743,1.5409,0.792063,ORCL,98816000000.0,80789000000.0,48095000000.0,1900000000.0,51294000000.0,13792000000.0,48095000000.0,48532000000.0,7427000000.0,273000000.0,50284000000.0,98816000000.0,44187000000.0,36492000000.0,4044000000.0,3383000000.0,-233000000.0,0.0,3150000000.0,9327000000.0,4377200000.0,4389000000.0,4494000000.0
806000000.0,5618000000.0,-7000000.0,507000000.0,-996000000.0,11.7964,6.5316,0.38,1.060374,5035.83,4815.68,0.63,0.63,10.8068,597000000.0,21716000000.0,0.15,3055000000.0,1022000000.0,37.1285,35.2674338960936,39.6617680823631,0.0,23156000000.0,0.534429,1.9144,0.191686,0.195295,7245000000.0,,,1839000000.0,2015-12-31,41958000000.0,2.4919,0.8546,0.460793,717000000.0,210000000.0,-5055000000.0,49313000000.0,0.61,12.1877,0.01152,0.246629,30.9416,55.8824,0.050747,4024000000.0,4741000000.0,-0.146073,0.442877,0.148776,-0.166529,0.375899,0.175577,-212000000.0,0.25426,1.8386047e+11,-0.227848,0.089286,13.1545,10.9194,27.1261,5.0115,17.1176,12.6105,4.8098,11.3313,-1.382073,0.533814,-0.281,-992718420.3,34087000000.0,0.808314,940000000.0,385000000.0,6406000000.0,0.918738,36688000000.0,0.1211,3963000000.0,-0.008754,1.1014,29.9483,360000000.0,9897000000.0,2.0837,39959000000.0,39959000000.0,0.43884,0.8139,195835470000.0,2213000000.0,7424000000.0,-3724000000.0,4527000000.0,7424000000.0,-3724000000.0,4527000000.0,8015000000.0,-12410000000.0,2757000000.0,2757000000.0,-0.243829,0.10501,2757000000.0,314000000.0,213281579.7,-12410000000.0,3686000000.0,-0.015722,668000000.0,0.004777,435000000.0,0.010399,4386000000.0,1458000000.0,,2970281579.7,-0.238437,0.277467,0.1085,47314000000.0,0.015934,1.000442,7.582915,2052000000.0,0.372069,10705000000.0,0.436245,0.142856,2220000000.0,3317000000.0,-170000000.0,41000000.0,2746000000.0,2254000000.0,-655000000.0,0.0,,4.0243,19.7057,5.1231,23.9701,0.257543,-8082000000.0,-597000000.0,1436000000.0,0.134143,,-2008000000.0,237000000.0,26503000000.0,-0.054412,0.147743,-0.090302,0.097876,0.213063,0.215302,0.305604,0.321326,4962000000.0,,277000000.0,0.025876,1999000000.0,32652000000.0,0.021954,1.8143,0.74574,ORCL,110903000000.0,91056000000.0,48663000000.0,2052000000.0,62520000000.0,15206000000.0,48663000000.0,49098000000.0,8653000000.0,327000000.0,61805000000.0,110903000000.0,44697000000.0,46599000000.0,4670000000.0,3983000000.0,-286000000.0,0.0,3697000000.0,10705000000.0,4397300000.0,4404000000.0,4503000000.0
422000000.0,3475000000.0,0.0,452000000.0,-1139000000.0,18.2272,10.8392,0.3636,1.209873,4815.68,4782.282222222221,0.4,0.4,10.6748,446000000.0,16739000000.0,0.15,,,23.8394,39.6617680823631,39.8284159807618,0.0,23272000000.0,0.525707,1.888,0.218987,0.17888,9078000000.0,671000000.0,,1384000000.0,2016-03-31,42050000000.0,2.5474,0.8846,0.469371,671000000.0,219000000.0,-7199000000.0,48731000000.0,0.4,10.1902,0.010934,0.269656,20.025,33.6742,0.05806,2684000000.0,3355000000.0,-0.089799,0.397135,-0.292343,-0.099027,0.317708,-0.333002,-92000000.0,0.243723,1.5020208e+11,-0.166667,-0.344262,10.9781,9.0993,26.8525,4.4626,14.4849,10.9373,3.9446,10.9075,-2.112491,-1.78915,-0.3449,-2768840692.6,34133000000.0,0.781013,563000000.0,3165000000.0,5955000000.0,0.860656,33658000000.0,0.165363,4776000000.0,-0.082588,1.2177,35.8186,296000000.0,,2.1937,40050000000.0,40050000000.0,0.447046,0.8425,163641080000.0,1731000000.0,-3295000000.0,-7471000000.0,5881000000.0,-3295000000.0,-7471000000.0,5881000000.0,-4977000000.0,-13880000000.0,1747000000.0,1747000000.0,-0.200092,-0.36634,1747000000.0,251000000.0,260159307.4,-13880000000.0,3896000000.0,-0.015801,298000000.0,0.004923,441000000.0,0.010663,4408000000.0,789000000.0,,2007159307.4,-0.156962,0.23759,-0.324253,46731000000.0,-0.125892,0.299094,13.186099,1850000000.0,0.314157,8448000000.0,0.466856,0.115529,1795000000.0,2507000000.0,-70000000.0,30000000.0,2811000000.0,2319000000.0,-675000000.0,0.0,,3.4746,17.2236,4.2975,23.3473,0.206795,-11669000000.0,-446000000.0,1390000000.0,0.164536,0.0,-2846000000.0,114000000.0,24964000000.0,-0.017217,-0.210836,-0.105241,0.075197,0.182113,0.184076,0.289317,0.305118,4644000000.0,,257000000.0,0.030421,2000000000.0,39191000000.0,0.022324,1.5886,0.756277,ORCL,109706000000.0,89588000000.0,47097000000.0,1850000000.0,62122000000.0,15391000000.0,47097000000.0,47538000000.0,6598000000.0,374000000.0,62168000000.0,109706000000.0,43688000000.0,46777000000.0,3944000000.0,2654000000.0,-344000000.0,0.0,2310000000.0,8448000000.0,4367500000.0,4317000000.0,4412000000.0
415000000.0,3956000000.0,-147000000.0,423000000.0,-1239000000.0,16.9171,9.0493,0.366,1.393432,4782.282222222221,5293.855555555556,0.52,0.52,10.6404,195000000.0,17411000000.0,0.15,,,29.3919,39.8284159807618,38.3631425754144,0.0,23426000000.0,0.520256,1.9067,0.206049,0.274729,6998000000.0,,,1597000000.0,2016-06-30,41940000000.0,2.6386,0.9052,0.475122,633000000.0,210000000.0,-5471000000.0,46864000000.0,0.51,10.6329,0.007974,0.277947,21.5758,40.3348,0.054675,3039000000.0,3672000000.0,-0.142857,0.408318,0.094486,-0.144185,0.33793,0.132265,-206000000.0,0.176537,1.5820752e+11,-0.089286,0.275,12.0127,9.9533,16.0807,4.4024,15.6791,11.9972,4.2219,10.67,2.271134,1.787815,-0.2404,2181333958.0,34171000000.0,0.793951,471000000.0,-2601000000.0,5599000000.0,0.87792,35937000000.0,0.007062,252000000.0,0.06771,1.0464,34.3274,344000000.0,,2.1718,39940000000.0,39940000000.0,0.452465,0.862,168194520000.0,1945000000.0,-3771000000.0,4133000000.0,516000000.0,-3771000000.0,4133000000.0,516000000.0,672000000.0,-10395000000.0,2198000000.0,2198000000.0,-0.121902,0.257584,2197000000.0,238000000.0,236333958.0,-10395000000.0,3855000000.0,-0.020848,286000000.0,0.004622,408000000.0,0.00877,4273000000.0,1341000000.0,,2433333958.0,-0.102404,0.270581,0.212327,44864000000.0,-0.514124,-0.91226,2.646154,1853000000.0,0.328589,8993000000.0,0.465362,0.123672,2089000000.0,2744000000.0,-7000000.0,84000000.0,2899000000.0,2184000000.0,-696000000.0,0.0,,3.6625,18.29,4.4884,27.3309,0.244301,-5969000000.0,-195000000.0,1444000000.0,0.160569,,-3412000000.0,88000000.0,23737000000.0,-0.063034,0.064512,-0.07309,0.089407,0.208206,0.210048,0.283139,0.303987,10444000000.0,,285000000.0,0.031691,2000000000.0,34924000000.0,0.022657,1.4259,0.823463,ORCL,106483000000.0,88272000000.0,45924000000.0,1853000000.0,58618000000.0,13754000000.0,45924000000.0,46332000000.0,7140000000.0,371000000.0,60151000000.0,106483000000.0,44010000000.0,46397000000.0,4185000000.0,2955000000.0,-287000000.0,0.0,2668000000.0,8993000000.0,4225000000.0,4239000000.0,4316000000.0
410000000.0,3844000000.0,-166000000.0,408000000.0,-1046000000.0,14.6602,9.264,0.3648,1.485129,5293.855555555556,5446.107142857143,0.51,0.51,10.7777,368000000.0,15583000000.0,0.15,,,26.4464,38.3631425754144,37.6980308774679,0.0,23526000000.0,0.530645,1.8973,0.204061,0.305958,6912000000.0,,,1536000000.0,2016-09-30,40106000000.0,2.5905,0.8655,0.463964,622000000.0,214000000.0,-5523000000.0,45244000000.0,0.5,11.944,0.012621,0.300577,24.8973,39.3997,0.056492,3092000000.0,3714000000.0,-0.100073,0.412117,0.011438,-0.096699,0.343098,0.01744,49000000.0,0.215959,1.4634068e+11,-0.107143,-0.019608,11.3981,9.4523,13.1606,4.1021,14.9593,10.1492,3.9383,10.1165,2.742372,0.700928,-0.2338,3710292093.7,34284000000.0,0.795939,590000000.0,431000000.0,5249000000.0,0.883571,35675000000.0,-0.036123,-1337000000.0,-0.007291,1.0224,30.5594,162000000.0,,2.1473,40106000000.0,40106000000.0,0.463964,0.8655,156535680000.0,1903000000.0,-4684000000.0,-688000000.0,3495000000.0,-4684000000.0,-688000000.0,3495000000.0,-1828000000.0,-10661000000.0,2142000000.0,2142000000.0,-0.141483,-0.025034,2142000000.0,212000000.0,231292093.7,-10661000000.0,4011000000.0,-0.020855,300000000.0,0.005391,466000000.0,0.009518,4418000000.0,1382000000.0,,2373292093.7,-0.114295,0.263348,-0.024675,45244000000.0,0.54441,5.773256,9.497283,1839000000.0,0.335885,9012000000.0,0.460053,0.125167,2246000000.0,2967000000.0,-5000000.0,65000000.0,2899000000.0,2209000000.0,-632000000.0,0.0,,3.4126,17.7016,4.2127,24.7019,0.237683,-3911000000.0,-368000000.0,1419000000.0,0.157457,-2000000000.0,-2209000000.0,126000000.0,23390000000.0,-0.033773,0.002113,-0.067829,0.08671,0.199504,0.201421,0.26925,0.290105,3757000000.0,,290000000.0,0.032179,,35184000000.0,0.0,1.489,0.784041,ORCL,104894000000.0,86442000000.0,45870000000.0,1839000000.0,57069000000.0,11825000000.0,45870000000.0,46336000000.0,7173000000.0,360000000.0,58558000000.0,104894000000.0,43814000000.0,46733000000.0,4146000000.0,3027000000.0,-295000000.0,0.0,2732000000.0,9012000000.0,4200000000.0,4182000000.0,4256000000.0
504000000.0,5385000000.0,-337000000.0,355000000.0,-816000000.0,11.4183,6.734,0.3321,1.467925,5446.107142857143,5855.671111111111,0.68,0.68,10.9847,180000000.0,20152000000.0,0.15,2331000000.0,1616000000.0,35.0718,37.6980308774679,43.907744417229,0.0,24217000000.0,0.516002,2.0989,0.182839,0.303926,7655000000.0,,,1966000000.0,2016-12-31,43855000000.0,2.8444,0.9177,0.478531,583000000.0,228000000.0,-5270000000.0,50855000000.0,0.66,12.8353,0.015339,0.295023,31.9662,54.2027,0.051433,4094000000.0,4677000000.0,-0.013499,0.441476,0.259289,0.017396,0.386445,0.324062,134000000.0,0.245713,1.61292e+11,0.081967,0.32,12.4945,10.4613,14.6991,4.5409,16.4501,11.786,4.3537,9.6401,5.191533,0.121478,-0.2547,4161011789.9,34590000000.0,0.817161,917000000.0,-30000000.0,4943000000.0,0.911578,35520000000.0,-0.031836,-1168000000.0,-0.004345,1.0261,28.4373,623000000.0,3750000000.0,2.3025,40105000000.0,40105000000.0,0.437613,0.8392,173061000000.0,2305000000.0,1770000000.0,-1128000000.0,3793000000.0,1770000000.0,-1128000000.0,3793000000.0,4569000000.0,-12270000000.0,2814000000.0,2814000000.0,0.021037,0.314192,2815000000.0,212000000.0,178011789.9,-12270000000.0,4000000000.0,-0.014426,426000000.0,0.005467,501000000.0,0.009661,4908000000.0,1291000000.0,,2993011789.9,0.007653,0.28252,0.261122,47105000000.0,-0.162138,0.085265,21.072222,1937000000.0,0.374552,10594000000.0,0.442609,0.128353,,3333000000.0,-7000000.0,126000000.0,3043000000.0,2169000000.0,-623000000.0,0.0,2591000000.0,3.6596,19.4429,4.6714,22.3132,0.265716,-3013000000.0,-180000000.0,1534000000.0,0.144799,,-1973000000.0,172000000.0,23888000000.0,-0.010369,0.175544,-0.07752,0.088254,0.210327,0.212379,0.289899,0.304324,2402000000.0,,323000000.0,0.030489,3750000000.0,35973000000.0,0.040919,1.8016,0.754287,ORCL,112180000000.0,91645000000.0,47289000000.0,1937000000.0,64313000000.0,17208000000.0,47289000000.0,47790000000.0,8657000000.0,362000000.0,64390000000.0,112180000000.0,43867000000.0,47182000000.0,4689000000.0,3968000000.0,-236000000.0,0.0,3732000000.0,10594000000.0,4218500000.0,4221000000.0,4305000000.0
551000000.0,3407000000.0,-1143000000.0,311000000.0,-533000000.0,15.221,10.8091,0.3194,1.372357,5855.671111111111,6204.096666666666,0.44,0.44,11.2379,299000000.0,28614000000.0,0.15,,,23.0225,43.907744417229,49.5637957966411,0.0,24588000000.0,0.46556,2.0781,0.206632,0.297847,9462000000.0,,,1419000000.0,2017-03-31,54056000000.0,3.5136,1.1301,0.530543,533000000.0,222000000.0,-8088000000.0,60308000000.0,0.43,13.2346,0.01863,0.304474,23.9801,33.7679,0.051647,2789000000.0,3322000000.0,-0.009836,0.386504,-0.289716,0.039121,0.324491,-0.318759,78000000.0,0.227981,1.6004662e+11,0.075,-0.348485,12.298,10.4028,16.0043,4.7787,16.2745,11.7002,4.303,9.2939,1.796326,-0.470105,-0.2959,2204900969.2,35350000000.0,0.793368,541000000.0,3152000000.0,5091000000.0,0.850843,33492000000.0,-0.004932,-166000000.0,-0.057095,1.1078,27.5791,487000000.0,13932000000.0,2.4424,53057000000.0,53057000000.0,0.520738,1.1092,173989620000.0,1919000000.0,7712000000.0,-5203000000.0,5875000000.0,7712000000.0,-5203000000.0,5875000000.0,8462000000.0,-14340000000.0,1832000000.0,1832000000.0,0.048655,-0.349201,1832000000.0,286000000.0,206900969.2,-14340000000.0,4108000000.0,-0.014663,358000000.0,0.003896,397000000.0,0.008787,5031000000.0,1142000000.0,,2038900969.2,0.015814,0.237219,-0.31878,59309000000.0,-0.00102,0.548906,19.648829,1776000000.0,0.307272,8595000000.0,0.486097,0.103629,,2711000000.0,-170000000.0,148000000.0,3081000000.0,2161000000.0,-785000000.0,0.0,2362000000.0,3.668,19.3623,4.6779,24.877,0.213147,-5513000000.0,-299000000.0,1520000000.0,0.176847,-3750000000.0,-2002000000.0,113000000.0,23380000000.0,0.017401,-0.188692,-0.082098,0.06807,0.179103,0.180691,0.262789,0.277452,1752000000.0,,315000000.0,0.036649,999000000.0,39782000000.0,0.009805,1.657,0.772019,ORCL,123223000000.0,1.01888e+11,47435000000.0,1776000000.0,74451000000.0,15142000000.0,47435000000.0,47832000000.0,6819000000.0,416000000.0,75391000000.0,123223000000.0,44664000000.0,60249000000.0,4178000000.0,2641000000.0,-268000000.0,0.0,2373000000.0,8595000000.0,4163600000.0,4119000000.0,4221000000.0
615000000.0,3690000000.0,-8711000000.0,302000000.0,-1072000000.0,14.2699,9.74,0.3237,1.069947,6204.096666666666,6432.38375,0.5,0.5,11.5523,757000000.0,18592000000.0,0.15,,,25.9269,49.5637957966411,47.9744005999077,0.0,25159000000.0,0.46972,2.0698,0.198893,0.016642,7411000000.0,,,1486000000.0,2017-06-30,54327000000.0,3.5296,1.1122,0.526567,543000000.0,241000000.0,-5981000000.0,52225000000.0,0.48,14.0308,0.019034,0.304614,25.5783,37.4744,0.05232,3136000000.0,3679000000.0,0.001906,0.407194,0.107465,0.031918,0.347095,0.124417,-418000000.0,0.243203,1.6510105e+11,-0.058824,0.116279,12.5926,10.7264,245.255,3.6717,17.0169,11.5869,4.4339,8.5237,-4.085547,-4.052567,-0.15,-6730607448.8,42083000000.0,0.801107,653000000.0,-1862000000.0,7968000000.0,0.856186,44966000000.0,0.251245,9029000000.0,0.342589,0.9205,26.0142,259000000.0,,2.4174,50489000000.0,50489000000.0,0.489367,1.0337,168597050000.0,1960000000.0,-973000000.0,-9717000000.0,1086000000.0,-973000000.0,-9717000000.0,1086000000.0,-10022000000.0,-3879000000.0,2032000000.0,2032000000.0,-0.075102,0.10917,2032000000.0,327000000.0,266392551.2,-3879000000.0,4882000000.0,-0.037326,373000000.0,0.003712,383000000.0,0.008311,5099000000.0,895000000.0,,2298392551.2,-0.055455,0.254388,0.12727,48387000000.0,1.104651,-0.815149,1.43461,1797000000.0,0.336137,9035000000.0,0.46497,0.112346,,2997000000.0,-18000000.0,99000000.0,3038000000.0,2820000000.0,-647000000.0,0.0,2511000000.0,3.479,19.1131,4.5278,nm,0.224903,-4577000000.0,-757000000.0,1510000000.0,0.167128,,-567000000.0,126000000.0,24375000000.0,0.00467,0.051193,-0.040717,0.072795,0.191842,0.19345,0.234166,0.271492,4328000000.0,,303000000.0,0.033536,3838000000.0,39614000000.0,0.0372,-0.3788,0.756797,ORCL,123600000000.0,1.03172e+11,48462000000.0,1797000000.0,64734000000.0,16347000000.0,48462000000.0,48845000000.0,7238000000.0,451000000.0,74755000000.0,123600000000.0,53984000000.0,58408000000.0,4201000000.0,3037000000.0,-352000000.0,0.0,2685000000.0,9035000000.0,4064000000.0,4104000000.0,4195000000.0
481000000.0,3721000000.0,-552000000.0,397000000.0,-931000000.0,16.615,9.8953,0.3251,0.864207,6432.38375,6942.41,0.55,0.55,12.0397,440000000.0,19748000000.0,0.15,,,29.7854,47.9744005999077,47.0976,0.0,25970000000.0,0.482094,2.0271,0.20554,-0.004375,7388000000.0,,,1516000000.0,2017-09-30,53967000000.0,3.4858,1.0577,0.51402,656000000.0,259000000.0,-5633000000.0,53719000000.0,0.53,14.8673,0.017892,0.299058,21.968,36.8862,0.049808,3148000000.0,3804000000.0,0.024233,0.413254,0.033977,0.018111,0.341988,0.003827,125000000.0,0.170126,1.7407136e+11,0.06,0.104167,13.2203,11.2435,nm,3.8142,17.7894,12.9392,4.6507,8.2434,-3.023399,-0.115412,-0.1648,-7507402891.0,42504000000.0,0.79446,459000000.0,-578000000.0,7788000000.0,0.857052,45638000000.0,0.279271,9963000000.0,0.014945,0.9206,24.5506,563000000.0,,2.3652,50469000000.0,50469000000.0,0.480703,0.9891,179048360000.0,2004000000.0,-940000000.0,-728000000.0,2699000000.0,-940000000.0,-728000000.0,2699000000.0,1156000000.0,-5385000000.0,2239000000.0,2239000000.0,0.045285,0.10187,2239000000.0,391000000.0,216597109.0,-5385000000.0,5070000000.0,-0.026997,382000000.0,0.003886,408000000.0,0.008977,5162000000.0,918000000.0,,2455597109.0,0.03468,0.266768,0.068398,50221000000.0,-0.227754,1.485267,6.134091,1892000000.0,0.321456,9205000000.0,0.473004,0.111173,,2907000000.0,-49000000.0,189000000.0,3091000000.0,2938000000.0,-612000000.0,0.0,2547000000.0,3.5375,20.0772,4.7837,554.3293,0.243237,-5481000000.0,-440000000.0,1521000000.0,0.165236,-344000000.0,-498000000.0,191000000.0,25576000000.0,0.021416,0.018816,-0.044926,0.079071,0.198863,0.200665,0.24559,0.272588,5745000000.0,,241000000.0,0.026181,3498000000.0,39604000000.0,0.033317,0.0768,0.829874,ORCL,125382000000.0,1.0499e+11,50615000000.0,1892000000.0,66011000000.0,15790000000.0,50615000000.0,51023000000.0,7313000000.0,450000000.0,74359000000.0,125382000000.0,54301000000.0,58569000000.0,4354000000.0,2959000000.0,-261000000.0,0.0,2698000000.0,9205000000.0,4070900000.0,4107000000.0,4204000000.0
599000000.0,5300000000.0,-815000000.0,441000000.0,-803000000.0,13.5431,7.0619,0.3053,0.690948,6942.41,7106.665714285715,0.78,0.78,12.7721,525000000.0,21784000000.0,0.19,1983000000.0,1612000000.0,37.2454,47.0976,45.75,0.0,27065000000.0,0.480228,2.1477,0.183971,-0.006251,8233000000.0,,,1966000000.0,2017-12-31,57909000000.0,3.673,1.0675,0.51633,719000000.0,278000000.0,-5944000000.0,60134000000.0,0.77,12.5104,0.014264,0.30948,26.9511,51.6861,0.04877,4242000000.0,4961000000.0,0.060723,0.45543,0.304154,0.03615,0.389424,0.347522,129000000.0,0.140654,1.8362663e+11,0.166667,0.45283,13.791,11.647,nm,3.9852,17.8244,12.9992,4.8671,8.1005,-2.695954,0.06001,-0.2003,-7056884073.4,43045000000.0,0.816029,529000000.0,26000000.0,7679000000.0,0.88661,46077000000.0,0.297213,10557000000.0,0.009619,0.9247,29.1758,872000000.0,3800000000.0,2.4224,48112000000.0,48112000000.0,0.428978,0.8869,191409630000.0,2314000000.0,3287000000.0,-5846000000.0,4466000000.0,3287000000.0,-5846000000.0,4466000000.0,2036000000.0,-8169000000.0,3232000000.0,3232000000.0,0.148135,0.443502,3232000000.0,300000000.0,268115926.6,-8169000000.0,5315000000.0,-0.026236,489000000.0,0.003442,386000000.0,0.008693,5681000000.0,1143000000.0,,3500115926.6,0.169429,0.321318,0.425362,50337000000.0,0.177432,0.654687,8.506667,2004000000.0,0.37391,10893000000.0,0.442119,0.118883,,3583000000.0,-46000000.0,169000000.0,3294000000.0,2774000000.0,-845000000.0,0.0,2837000000.0,3.5538,20.5045,5.0734,61.0362,0.296704,-10296000000.0,-525000000.0,1608000000.0,0.147618,,-494000000.0,136000000.0,27598000000.0,0.028224,0.183379,-0.064775,0.090577,0.230341,0.23236,0.297135,0.323371,5790000000.0,,317000000.0,0.029101,9797000000.0,44294000000.0,0.087352,0.7437,0.859346,ORCL,134991000000.0,1.12155e+11,53860000000.0,2004000000.0,74515000000.0,24178000000.0,53860000000.0,54246000000.0,8889000000.0,481000000.0,80745000000.0,134991000000.0,55161000000.0,56567000000.0,4816000000.0,4073000000.0,-312000000.0,0.0,3761000000.0,10893000000.0,4112300000.0,4115000000.0,4217000000.0
