accountspayable,accountsreceivable,accruedexpenses,acquisitions,amortizationexpense,aoci,apturnover,arturnover,assetretirementandlitigationobligation,assetturnover,augmentedpayoutratio,baseline_price,baseline_price_next_quarter,basicdilutedeps,basiceps,bookvaluepershare,capex,cashandequivalents,cashincometaxespaid,cashinterestpaid,ccc,close_price,close_price_next_quarter,commitmentsandcontingencies,commonequity,commontocap,compoundleveragefactor,costofrevtorevenue,croic,currentdeferredrevenue,currentdeferredtaxassets,currentdeferredtaxliabilities,date,debt,debttoebitda,debttoequity,debttototalcapital,depreciationandamortization,depreciationexpense,dfcfnwc,dfnwc,dilutedeps,dio,dividendyield,divpayoutratio,dpo,dso,earningsyield,ebit,ebitda,ebitdagrowth,ebitdamargin,ebitdaqoqgrowth,ebitgrowth,ebitmargin,ebitqoqgrowth,effectofexchangeratechanges,efftaxrate,enterprisevalue,epsgrowth,epsqoqgrowth,evtoebit,evtoebitda,evtofcff,evtoinvestedcapital,evtonopat,evtoocf,evtorevenue,faturnover,fcffgrowth,fcffqoqgrowth,finleverage,freecashflow,goodwill,grossmargin,incometaxexpense,increasedecreaseinoperatingcapital,intangibleassets,interestburdenpct,investedcapital,investedcapitalgrowth,investedcapitalincreasedecrease,investedcapitalqoqgrowth,investedcapitalturnover,invturnover,issuanceofcommonequity,issuanceofdebt,leverageratio,longtermdebt,ltdebtandcapleases,ltdebttocap,ltdebttoequity,marketcap,marketingexpense,netcashfromcontinuingfinancingactivities,netcashfromcontinuinginvestingactivities,netcashfromcontinuingoperatingactivities,netcashfromfinancingactivities,netcashfrominvestingactivities,netcashfromoperatingactivities,netchangeincash,netdebt,netincome,netincomecontinuing,netincomegrowth,netincomeqoqgrowth,netincometocommon,netnonopex,netnonopobligations,netppe,nnep,noncashadjustmentstonetincome,noncontrolinttocap,noncontrollinginterestsharingratio,noncurrentdeferredrevenue,noncurrentdeferredtaxassets,noncurrentdeferredtaxliabilities,noncurrentnotereceivables,nopat,nopatgrowth,nopatmargin,nopatqoqgrowth,nwc,ocfgrowth,ocfqoqgrowth,ocftocapex,operatingcostofrevenue,operatingmargin,operatingrevenue,opextorevenue,oroa,othercurrentliabilities,othercurrentnonoperatingassets,otherfinancingactivitiesnet,otherincome,otherinvestingactivitiesnet,othernoncurrentassets,othernoncurrentliabilities,preferredtocap,prepaidexpenses,pricetobook,pricetoearnings,pricetorevenue,pricetotangiblebook,profitmargin,purchaseofinvestments,purchaseofplantpropertyandequipment,rdexpense,rdextorevenue,repaymentofdebt,repurchaseofcommonequity,restructuringcharge,retainedearnings,revenuegrowth,revenueqoqgrowth,rnnoa,roa,roce,roe,roic,roicnnepspread,saleofinvestments,saleofplantpropertyandequipment,sgaexpense,sgaextorevenue,shorttermdebt,shortterminvestments,stdebttocap,tangbookvaluepershare,taxburdenpct,ticker,totalassets,totalcapital,totalcommonequity,totalcostofrevenue,totalcurrentassets,totalcurrentliabilities,totalequity,totalequityandnoncontrollinginterests,totalgrossprofit,totalinterestexpense,totalinterestincome,totalliabilities,totalliabilitiesandequity,totalnoncurrentassets,totalnoncurrentliabilities,totaloperatingexpenses,totaloperatingincome,totalotherincome,totalpreferredequity,totalpretaxincome,totalrevenue,treasurystock,weightedavebasicdilutedsharesos,weightedavebasicsharesos,weightedavedilutedsharesos
,,,,15392000.0,,nm,nm,,nm,nm,1537.69,1810.0442857142855,0.3,0.3,nm,15916000.0,,4631000.0,892000.0,nm,21.39,28.3,,,nm,nm,0.098365,nm,,,,2009-03-31,nm,nm,nm,nm,68740000.0,68740000.0,nm,nm,0.3,nm,0.0,nm,nm,nm,nm,221200000.0,289940000.0,nm,0.368697,nm,nm,0.281285,nm,-381000.0,0.229999,nm,nm,nm,nm,nm,nm,nm,nm,nm,nm,nm,nm,nm,nm,nm,,0.901635,46727000.0,69114000.0,,0.918454,nm,nm,nm,nm,nm,nm,28617000.0,,nm,,nm,nm,nm,8814761000.0,249491000.0,28701000.0,-131562000.0,365743000.0,28675000.0,-131562000.0,365743000.0,262475000.0,nm,156435000.0,156435000.0,nm,nm,156435000.0,3660586.1,nm,,nm,71454000.0,nm,nm,,,,,160095586.1,nm,0.203583,nm,nm,nm,0.081283,22.97958,77353000.0,0.264393,786390000.0,0.637242,nm,,,84000.0,13284000.0,,,,nm,,nm,nm,nm,nm,0.198928,-444372000.0,-15916000.0,149917000.0,0.19064,,,12270000.0,,nm,nm,nm,nm,nm,nm,nm,nm,328726000.0,,74051000.0,0.094166,,,nm,nm,0.770001,ADBE,,nm,,77353000.0,,,,,709037000.0,792000.0,-17246000.0,,,,,501121000.0,207916000.0,-4754000.0,,203162000.0,786390000.0,,521500000.0,524268000.0,527830000.0
,,,,15284000.0,,nm,nm,,nm,nm,1810.0442857142855,2123.9362499999997,0.24,0.24,nm,10312000.0,,53393000.0,596000.0,nm,28.3,33.04,,,nm,nm,0.102186,nm,,,,2009-06-30,nm,nm,nm,nm,64725000.0,64725000.0,nm,nm,0.24,nm,0.0,nm,nm,nm,nm,166155000.0,230880000.0,nm,0.327641,-0.203697,nm,0.23579,-0.248847,13863000.0,0.230007,nm,nm,-0.2,nm,nm,nm,nm,nm,nm,nm,nm,nm,nm,nm,nm,,0.897814,37659000.0,28712000.0,,0.985405,nm,nm,nm,nm,nm,nm,20215000.0,,nm,,nm,nm,nm,14879406340.0,243209000.0,20215000.0,-217752000.0,261529000.0,20215000.0,-217752000.0,261529000.0,77855000.0,nm,126071000.0,126071000.0,nm,-0.1941,126071000.0,-1830274.0,nm,,nm,42021000.0,nm,nm,,,,,124240726.0,nm,0.17631,-0.223959,nm,nm,-0.284938,25.361618,72008000.0,0.228976,704673000.0,0.668838,nm,,,,4802000.0,3000000.0,,,nm,,nm,nm,nm,nm,0.178907,-354570000.0,-10312000.0,138470000.0,0.196502,,,3531000.0,,nm,-0.103914,nm,nm,nm,nm,nm,nm,144130000.0,,70818000.0,0.100498,,,nm,nm,0.769993,ADBE,,nm,,72008000.0,,,,,632665000.0,620000.0,-1805000.0,,,,,471312000.0,161353000.0,2377000.0,,163730000.0,704673000.0,,525300000.0,524159000.0,528013000.0
48416000.0,281807000.0,357307000.0,,14978000.0,21728000.0,nm,nm,,nm,nm,2123.9362499999997,2273.19625,0.26,0.26,8.8275,58431000.0,1132144000.0,20611000.0,453000.0,nm,33.04,36.78,,2303403000.0,0.930618,1.271,0.093256,nm,188328000.0,72163000.0,20332000.0,2009-09-30,350000000.0,nm,0.0746,0.069382,63921000.0,63921000.0,-179910000.0,2376551000.0,0.26,nm,0.0,nm,nm,nm,nm,174269000.0,238190000.0,nm,0.341488,0.031661,-0.238358,0.249846,0.048834,1177000.0,0.219997,14667838570.0,-0.257143,0.083333,nm,nm,nm,5.8952,nm,12.2008,nm,nm,nm,nm,-0.47,nm,2125946000.0,0.906744,38371000.0,-924000.0,117384000.0,1.000844,2488097000.0,nm,nm,nm,nm,nm,73387000.0,,1.27,350000000.0,350000000.0,0.069382,0.0746,16874299570.0,231320000.0,-276626000.0,-55894000.0,236681000.0,-276600000.0,-55894000.0,236681000.0,-94636000.0,-2206461000.0,136045000.0,136045000.0,-0.289983,0.079114,136045000.0,-5314940.3,-2206461000.0,335752000.0,0.002409,37639000.0,0.0,nm,29866000.0,,242893000.0,207239000.0,130730059.7,-0.289602,0.187425,0.052232,2376551000.0,nm,-0.09501,4.050607,65047000.0,0.240287,697507000.0,0.666456,nm,,,,6667000.0,271000.0,184705000.0,30260000.0,0.0,80503000.0,3.5944,nm,nm,6.884,0.195045,-367964000.0,-58431000.0,138902000.0,0.199141,,-350013000.0,65000.0,5331957000.0,-0.213861,-0.010169,nm,nm,nm,nm,nm,nm,370230000.0,,79593000.0,0.114111,,1424317000.0,0.0,4.6092,0.780003,ADBE,5961960000.0,5044558000.0,4694558000.0,65047000.0,2990934000.0,614383000.0,4694558000.0,4694558000.0,632460000.0,460000.0,607000.0,1267402000.0,5961960000.0,2635274000.0,653019000.0,464858000.0,167602000.0,6814000.0,0.0,174416000.0,697507000.0,-2962530000.0,523300000.0,525911000.0,531809000.0
58904000.0,410879000.0,457439000.0,-1582669000.0,25901000.0,24446000.0,5.1721,6.7095,,0.4496,0.905578,2273.19625,2401.8687499999996,-0.06,-0.06,9.2169,34933000.0,999487000.0,26523000.0,147000.0,-16.1709,36.78,35.37,,2390122000.0,0.830237,1.4084,0.10871,-0.216879,281576000.0,77417000.0,46634000.0,2009-12-31,1000000000.0,0.9957,0.2045,0.169763,85037000.0,85037000.0,-275402000.0,1629071000.0,-0.07,0.0,0.0,0.0,70.5714,54.4004,0.020589,160269000.0,245306000.0,nm,0.323929,0.029875,nm,0.211637,-0.080336,44000.0,1.200004,17868508800.0,nm,-1.269231,24.7523,17.7917,nm,4.4827,46.9676,15.9855,6.0656,8.4027,nm,nm,-0.1849,nm,3494589000.0,0.89129,192255000.0,137041000.0,527388000.0,0.999644,3986095000.0,nm,nm,0.602066,0.739,nm,57347000.0,650000000.0,1.4089,1000000000.0,1000000000.0,0.169763,0.2045,18772981800.0,257883000.0,705346000.0,-1091888000.0,253841000.0,705346000.0,-1091888000.0,253841000.0,-132657000.0,-904473000.0,-32043000.0,-32043000.0,nm,-1.235532,-32043000.0,1314024.6,-904473000.0,388132000.0,-0.001453,63806000.0,0.0,0.0,36717000.0,,476014000.0,207239000.0,-30728975.4,nm,-0.040578,-1.235057,1629071000.0,-0.249544,0.072503,7.26651,82324000.0,0.202886,757283000.0,0.688404,0.095156,,,11896000.0,6627000.0,-500000.0,191265000.0,34385000.0,0.0,80855000.0,3.8386,48.5707,6.3727,21.6131,-0.042313,-169603000.0,-34933000.0,137852000.0,0.182035,-13897000.0,,25394000.0,5299914000.0,nm,0.085699,0.005277,-0.019025,-0.024711,-0.024711,-0.029988,-0.028536,695817000.0,,74287000.0,0.098097,0.0,904986000.0,0.0,1.637,-0.200004,ADBE,7282237000.0,5890568000.0,4890568000.0,82324000.0,2473624000.0,844553000.0,4890568000.0,4890568000.0,674959000.0,1535000.0,1478000.0,2391669000.0,7282237000.0,4420481000.0,1547116000.0,521317000.0,153642000.0,6570000.0,0.0,160212000.0,757283000.0,-2823914000.0,522300000.0,524470000.0,530610000.0
44188000.0,350577000.0,384210000.0,,18197000.0,29109000.0,6.9871,8.6091,,0.3799,0.979862,2401.8687499999996,2213.88625,0.24,0.24,9.7089,25547000.0,1589442000.0,54664000.0,2617000.0,-9.8421,35.37,26.43,,2340026000.0,0.775911,1.4391,0.104074,nm,320535000.0,67265000.0,151841000.0,2010-03-31,1493546000.0,1.5551,0.2888,0.224089,68581000.0,68581000.0,-395939000.0,2276445000.0,0.24,0.0,0.0,0.0,52.239,42.3969,0.019075,177444000.0,246025000.0,-0.151462,0.286509,0.002931,-0.197812,0.206643,0.107164,-1288000.0,0.235003,17548960200.0,-0.2,4.428571,25.8782,18.2725,nm,4.3954,49.5087,17.3424,5.8145,7.8149,nm,nm,-0.228,nm,3494073000.0,0.895926,39061000.0,-32549000.0,487605000.0,0.936718,3992582000.0,nm,nm,0.001627,0.7559,nm,49824000.0,1493439000.0,1.5363,1493546000.0,1493546000.0,0.224089,0.2888,18727798200.0,297294000.0,540101000.0,-208719000.0,259861000.0,540101000.0,-208719000.0,259861000.0,589955000.0,-1178838000.0,127154000.0,127154000.0,-0.187177,4.96823,127154000.0,8122739.7,-1178838000.0,386205000.0,-0.00689,96675000.0,0.0,0.0,39208000.0,,303943000.0,207239000.0,135276739.7,-0.155025,0.157537,5.402254,2276445000.0,-0.289498,0.023716,10.171879,89368000.0,0.205931,858700000.0,0.689995,0.078499,,,7058000.0,611000.0,2341000.0,192728000.0,36178000.0,0.0,86993000.0,3.6214,52.4255,6.205,15.7411,0.148077,-405801000.0,-25547000.0,174340000.0,0.203028,-1010200000.0,-20000.0,11622000.0,5427068000.0,0.091952,0.133922,-0.028717,0.056251,0.090371,0.090371,0.119089,0.125979,220288000.0,,91046000.0,0.106028,,1082942000.0,0.0,2.2336,0.764997,ADBE,7945069000.0,6664966000.0,5171420000.0,89368000.0,3177219000.0,900774000.0,5171420000.0,5171420000.0,769332000.0,7695000.0,-3534000.0,2773649000.0,7945069000.0,4381645000.0,1872875000.0,592499000.0,176833000.0,-10618000.0,0.0,166215000.0,858700000.0,-2624783000.0,529800000.0,524173000.0,532645000.0
50273000.0,439151000.0,485091000.0,,18129000.0,39995000.0,6.854,7.4155,,0.4067,1.580003,2213.88625,2360.2855555555557,0.28,0.28,9.7115,49628000.0,1137606000.0,143848000.0,125000.0,-4.0322,26.43,26.15,,2376263000.0,0.776145,1.3586,0.114347,nm,362566000.0,70955000.0,71978000.0,2010-06-30,1493651000.0,1.4567,0.2884,0.223855,74906000.0,74906000.0,-338559000.0,2306163000.0,0.28,0.0,0.0,0.0,53.2534,49.2212,0.022542,220972000.0,295878000.0,0.281523,0.313751,0.202634,0.329915,0.23432,0.245306,-7166000.0,0.234646,15695913957.5,0.166667,0.166667,21.4146,15.3071,nm,3.897,39.6013,15.6728,4.8198,7.9891,nm,nm,-0.2223,nm,3488252000.0,0.885653,45562000.0,-43991000.0,447372000.0,0.878722,4027684000.0,nm,nm,0.008792,0.8085,nm,34236000.0,,1.5461,1493651000.0,1493651000.0,0.223855,0.2884,16846984957.5,320976000.0,-214857000.0,-480903000.0,251090000.0,-214857000.0,-480903000.0,251090000.0,-451836000.0,-1151071000.0,148611000.0,148611000.0,0.178788,0.168748,148611000.0,25342387.6,-1151071000.0,407621000.0,-0.022016,71564000.0,0.0,0.0,41777000.0,,284295000.0,207239000.0,173953387.6,0.400132,0.184461,0.285908,2306163000.0,-0.039915,-0.033753,5.059442,107833000.0,0.241014,943035000.0,0.644639,0.095301,,,1427000.0,-6313000.0,-164000.0,180376000.0,38545000.0,0.0,121243000.0,3.2531,44.3614,5.1733,13.5521,0.157588,-815523000.0,-49628000.0,167318000.0,0.177425,-520000.0,-250000000.0,11541000.0,5570097000.0,0.338259,0.098212,-0.038043,0.064093,0.1111,0.1111,0.149143,0.17116,384412000.0,,89953000.0,0.095387,,1507116000.0,0.0,2.3312,0.765354,ADBE,8006931000.0,6672406000.0,5178755000.0,107833000.0,3276071000.0,969908000.0,5178755000.0,5178755000.0,835202000.0,16076000.0,-10723000.0,2828176000.0,8006931000.0,4323239000.0,1858268000.0,607917000.0,227285000.0,-33112000.0,0.0,194173000.0,943035000.0,-2807600000.0,530800000.0,526148000.0,533259000.0
56465000.0,484550000.0,477699000.0,,17620000.0,21571000.0,7.2198,9.2629,,0.5104,1.371967,2360.2855555555557,2664.7025,0.44,0.44,9.7192,6889000.0,814149000.0,87759000.0,31393000.0,-11.151,26.15,30.78,,2425144000.0,0.769348,1.3632,0.100053,nm,375927000.0,76765000.0,48413000.0,2010-09-30,1524450000.0,1.303,0.2998,0.230652,73154000.0,73154000.0,-300363000.0,2277911000.0,0.44,0.0,0.0,0.0,50.5555,39.4046,0.030708,309620000.0,382774000.0,0.607011,0.386516,0.293689,0.776679,0.312647,0.401173,6032000.0,0.224723,14374724710.0,0.692308,0.571429,16.5549,12.2863,nm,3.566,28.8431,13.6097,4.05,9.3567,nm,nm,-0.3334,-1308793267.7,3489938000.0,0.899947,66687000.0,-56437000.0,413091000.0,0.958439,4031034000.0,0.620127,1542937000.0,0.000832,1.0889,nm,45580000.0,,1.4223,1515752000.0,1515752000.0,0.229336,0.2981,15428548710.0,303219000.0,-354244000.0,-266668000.0,291423000.0,-354244000.0,-266668000.0,291423000.0,-323457000.0,-1053824000.0,230065000.0,230065000.0,0.691095,0.548102,230065000.0,4078732.3,-1053824000.0,422920000.0,-0.002502,44641000.0,0.0,0.0,44988000.0,,294844000.0,207239000.0,234143732.3,0.791047,0.236433,0.346014,2269213000.0,0.23129,0.160632,42.302656,99084000.0,0.304965,990319000.0,0.594982,0.159564,,,1687000.0,7607000.0,21000.0,177426000.0,39385000.0,0.0,96826000.0,3.0342,32.5643,4.3469,13.0548,0.232314,-800893000.0,-39040000.0,168296000.0,0.169941,-1511000.0,-400000000.0,-2090000.0,5738864000.0,0.419798,0.05014,-0.086664,0.118565,0.170787,0.170787,0.257451,0.259953,541093000.0,32151000.0,102177000.0,0.103176,8698000.0,1764125000.0,0.001316,2.2589,0.775277,ADBE,7947029000.0,6609308000.0,5084858000.0,99084000.0,3236415000.0,967202000.0,5084858000.0,5084858000.0,891235000.0,16395000.0,3527000.0,2862171000.0,7947029000.0,4287694000.0,1894969000.0,589222000.0,302013000.0,-5261000.0,0.0,296752000.0,990319000.0,-3100721000.0,522900000.0,518710000.0,523179000.0
52432000.0,554328000.0,564275000.0,-193281000.0,18184000.0,17428000.0,7.2484,7.874,8254000.0,0.4928,1.097253,2664.7025,2733.241111111111,0.53,0.53,9.8748,55427000.0,749891000.0,102843000.0,497000.0,-4.0008,30.78,33.16,0.0,2458339000.0,0.773269,1.4672,0.106372,0.134812,380748000.0,83247000.0,53715000.0,2010-12-31,1522461000.0,1.1721,0.2932,0.226731,76097000.0,76097000.0,-311254000.0,2156761000.0,0.51,0.0,0.0,0.0,50.3562,46.3553,0.050558,298177000.0,374274000.0,0.525743,0.371323,-0.022206,0.860478,0.295826,-0.036958,14387000.0,0.060001,14376957360.0,8.285714,0.159091,14.2882,11.0681,25.9069,3.3853,17.6256,12.9174,3.7834,9.0799,nm,1.006867,-0.1835,8988078.9,3641844000.0,0.893628,17161000.0,-61988000.0,528784000.0,0.959199,4246833000.0,0.065412,260738000.0,0.053534,0.9231,nm,9630000.0,,1.5296,1513662000.0,1513662000.0,0.22542,0.2915,15322511360.0,322708000.0,-186262000.0,-203004000.0,310621000.0,-186262000.0,-203004000.0,310621000.0,-64258000.0,-945554000.0,268850000.0,268850000.0,9.390288,0.168583,268850000.0,876078.9,-945554000.0,448881000.0,-0.000947,27662000.0,0.0,0.0,213642000.0,,103098000.0,207239000.0,269726078.9,9.777581,0.2676,0.151968,2147962000.0,0.223683,0.065877,5.604146,107217000.0,0.284681,1007946000.0,0.608947,0.145771,8119000.0,,6258000.0,11234000.0,-2198000.0,98350000.0,42017000.0,0.0,110460000.0,2.951,19.7791,4.0322,14.9962,0.266731,-606786000.0,-55427000.0,170378000.0,0.169035,-2150000.0,-200000000.0,2193000.0,5980914000.0,0.331003,0.017799,-0.045499,0.131434,0.201529,0.201529,0.247027,0.247974,654688000.0,,100323000.0,0.099532,8799000.0,1718124000.0,0.00131,1.9432,0.939999,ADBE,8141148000.0,6714848000.0,5192387000.0,107217000.0,3216050000.0,1068088000.0,5192387000.0,5192387000.0,900729000.0,16786000.0,4620000.0,2948761000.0,8141148000.0,4476217000.0,1880673000.0,613786000.0,286943000.0,-932000.0,0.0,286011000.0,1007946000.0,-3264294000.0,519900000.0,519045000.0,525824000.0
54742000.0,533353000.0,465222000.0,-36572000.0,10235000.0,28695000.0,8.5267,8.9804,,0.4883,1.105296,2733.241111111111,2695.2611111111114,0.47,0.47,10.6101,32421000.0,900156000.0,16413000.0,31623000.0,-2.1625,33.16,31.45,,2529850000.0,0.781099,1.4555,0.104737,0.147386,399572000.0,66928000.0,57096000.0,2011-03-31,1520453000.0,1.0702,0.2802,0.218901,66286000.0,66286000.0,-262669000.0,2374166000.0,0.46,0.0,0.0,0.0,42.8067,40.6442,0.048911,301517000.0,367803000.0,0.494982,0.357887,-0.017289,0.699223,0.293388,0.011201,-194000.0,0.180001,16918756150.0,0.916667,-0.098039,14.9686,11.9085,27.6553,3.9264,18.2272,14.2746,4.2627,9.4534,nm,-8.624486,-0.2166,-68529479.3,3686073000.0,0.895263,51496000.0,-41140000.0,447616000.0,0.948825,4309025000.0,0.079258,316443000.0,0.014644,0.9562,nm,40651000.0,0.0,1.534,1511553000.0,1511553000.0,0.217619,0.2786,18035138150.0,328078000.0,-86518000.0,-95125000.0,332102000.0,-86518000.0,-95125000.0,332102000.0,150265000.0,-1116382000.0,234591000.0,234591000.0,0.844936,-0.127428,234591000.0,13322520.7,-1116382000.0,453497000.0,-0.011609,72365000.0,0.0,0.0,43826000.0,,291477000.0,207239000.0,247913520.7,0.83264,0.24123,-0.080869,2365266000.0,0.277999,0.069155,10.243422,107639000.0,0.294183,1027706000.0,0.601079,0.143273,,,0.0,-817000.0,-124000.0,164801000.0,52229000.0,0.0,113682000.0,3.3242,20.4453,4.544,13.9621,0.228267,-380466000.0,-32421000.0,178400000.0,0.173591,-2169000.0,-125000000.0,41000.0,6045631000.0,0.196816,0.019604,-0.052475,0.111472,0.178189,0.178189,0.230665,0.242274,354458000.0,,100979000.0,0.098257,8900000.0,1736679000.0,0.001281,2.5261,0.819999,ADBE,8310024000.0,6945860000.0,5425407000.0,107639000.0,3350798000.0,985532000.0,5425407000.0,5425407000.0,920067000.0,17020000.0,1590000.0,2884617000.0,8310024000.0,4505729000.0,1899085000.0,617733000.0,302334000.0,-16247000.0,0.0,286087000.0,1027706000.0,-3178769000.0,499100000.0,504134000.0,511345000.0
60533000.0,568570000.0,496535000.0,,10392000.0,54342000.0,7.6375,8.0363,7203000.0,0.4954,1.18908,2695.2611111111114,2502.065555555556,0.46,0.46,10.6451,37501000.0,827475000.0,37968000.0,349000.0,-2.3713,31.45,24.17,,2612058000.0,0.780187,1.4535,0.106727,0.17867,438078000.0,68017000.0,40970000.0,2011-06-30,1518431000.0,1.0348,0.2817,0.219813,66620000.0,66620000.0,-277578000.0,2347942000.0,0.45,0.0,0.0,0.0,47.7904,45.4192,0.057168,275885000.0,342505000.0,0.157589,0.334746,-0.068781,0.248507,0.269635,-0.08501,6423000.0,0.11498,15736846600.0,0.607143,-0.021739,13.2778,10.7246,21.198,3.6748,15.7839,11.8905,3.8865,9.2973,nm,0.857932,-0.2137,-9735858.8,3693505000.0,0.893273,29808000.0,18420000.0,424199000.0,0.939681,4282326000.0,0.063223,254642000.0,-0.006196,0.9745,nm,46732000.0,,1.5468,1509428000.0,1509428000.0,0.218509,0.2801,16843935600.0,348690000.0,-365960000.0,-102475000.0,389331000.0,-365960000.0,-102475000.0,389331000.0,-72681000.0,-1107089000.0,229436000.0,229436000.0,0.54387,-0.021974,229436000.0,15470141.2,-1107089000.0,463415000.0,-0.013702,74855000.0,0.0,0.0,216972000.0,,121996000.0,207239000.0,244906141.2,0.407884,0.239358,-0.012131,2338939000.0,0.550564,0.172324,10.381883,109201000.0,0.270455,1023179000.0,0.622818,0.13358,5260000.0,,8778000.0,-839000.0,,162040000.0,44323000.0,0.0,127211000.0,3.1254,17.4922,4.1599,13.2451,0.224238,-767936000.0,-37501000.0,183211000.0,0.179061,-1455000.0,-420015000.0,-586000.0,6228574000.0,0.084985,-0.004405,-0.05277,0.11109,0.18049,0.18049,0.23326,0.246962,702962000.0,,95547000.0,0.093382,9003000.0,1798045000.0,0.001303,2.5119,0.88502,ADBE,8339716000.0,6907846000.0,5389415000.0,109201000.0,3389318000.0,1050379000.0,5389415000.0,5389415000.0,913978000.0,16727000.0,86000.0,2950301000.0,8339716000.0,4486983000.0,1899922000.0,637254000.0,276724000.0,-17480000.0,,259244000.0,1023179000.0,-3505559000.0,498800000.0,499686000.0,506280000.0
65236000.0,559320000.0,450343000.0,-70549000.0,10376000.0,59194000.0,7.0453,7.8018,8019000.0,0.4954,0.964479,2502.065555555556,2604.3042857142855,0.39,0.39,11.156,65475000.0,769212000.0,42874000.0,31616000.0,-5.0235,24.17,28.27,,2680468000.0,0.785832,1.4457,0.103289,0.153081,439690000.0,71087000.0,61220000.0,2011-09-30,1516385000.0,1.0658,0.2725,0.214168,64009000.0,64009000.0,-273232000.0,2446044000.0,0.39,0.0,0.0,0.0,51.8075,46.784,0.077045,274143000.0,338152000.0,-0.116575,0.333743,-0.012709,-0.114582,0.270568,-0.006314,14412000.0,0.240021,10841704150.0,-0.113636,-0.133333,9.4298,7.6203,16.8785,2.486,11.1498,7.9884,2.6625,8.8333,0.907002,-11.501743,-0.2119,-121715208.5,3740199000.0,0.896711,61618000.0,-7206000.0,419824000.0,0.936442,4361067000.0,0.081873,330033000.0,0.018387,0.9704,nm,56180000.0,,1.5438,1507278000.0,1507278000.0,0.212882,0.2709,12044595150.0,340724000.0,-97681000.0,-300122000.0,325128000.0,-97681000.0,-300122000.0,325128000.0,-58263000.0,-1202891000.0,195101000.0,195101000.0,-0.151974,-0.14965,195101000.0,13216791.5,-1202891000.0,499059000.0,-0.011713,73224000.0,0.0,0.0,187397000.0,,151065000.0,207239000.0,208317791.5,-0.1103,0.205601,-0.149397,2436937000.0,0.115657,-0.164906,4.965682,104654000.0,0.270536,1013212000.0,0.626175,0.134036,6663000.0,,318000.0,33000.0,124000.0,157241000.0,42782000.0,0.0,119513000.0,2.1648,12.9794,2.9579,8.5792,0.192557,-486497000.0,-65475000.0,181039000.0,0.178678,-4179000.0,-150000000.0,3816000.0,6381530000.0,0.023117,-0.009741,-0.044766,0.095391,0.154759,0.154759,0.199525,0.211238,322275000.0,,98493000.0,0.097209,9107000.0,1950064000.0,0.001286,2.815,0.759979,ADBE,8492758000.0,7080343000.0,5563958000.0,104654000.0,3469196000.0,1032259000.0,5563958000.0,5563958000.0,908558000.0,16431000.0,-993000.0,2928800000.0,8492758000.0,4524503000.0,1896541000.0,634448000.0,274110000.0,-17391000.0,0.0,256719000.0,1013212000.0,-3557234000.0,500300000.0,494537000.0,498741000.0
86660000.0,634373000.0,554941000.0,-151925000.0,11830000.0,29950000.0,6.2962,7.0939,7449000.0,0.4922,0.834505,2604.3042857142855,3092.6712500000003,0.35,0.35,11.4762,74897000.0,989500000.0,61118000.0,379000.0,-6.5191,28.27,34.31,0.0,2753957000.0,0.792487,1.487,0.101009,0.172717,476402000.0,91963000.0,42634000.0,2011-12-31,1514308000.0,1.1081,0.2618,0.207513,73290000.0,73290000.0,-381808000.0,2529884000.0,0.35,0.0,0.0,0.0,57.9718,51.4527,0.060964,244780000.0,318070000.0,-0.150168,0.276064,-0.059387,-0.179078,0.212453,-0.107108,-16586000.0,0.255,12263914310.0,-0.313725,-0.102564,11.1864,8.9745,16.4507,2.7963,13.8671,7.9465,2.9087,8.6336,3.94783,1.365373,-0.2135,44471489.4,3849217000.0,0.898991,59461000.0,159051000.0,545526000.0,0.952611,4385729000.0,0.032706,138896000.0,0.005655,0.9768,nm,1191000.0,,1.561,1505096000.0,1505096000.0,0.20625,0.2603,13661298310.0,368330000.0,-199000.0,-259680000.0,496753000.0,-199000.0,-259680000.0,496753000.0,220288000.0,-1397384000.0,173719000.0,173719000.0,-0.353844,-0.109595,173719000.0,9648489.4,-1397384000.0,527828000.0,-0.008236,90693000.0,0.0,0.0,212261000.0,,181602000.0,207239000.0,183367489.4,-0.320171,0.159151,-0.11977,2520672000.0,0.599225,0.527869,6.632482,116379000.0,0.213626,1152161000.0,0.685365,0.104569,80930000.0,,853000.0,-1351000.0,,89922000.0,50883000.0,0.0,133423000.0,2.3623,16.4031,3.2401,9.8398,0.150777,-291776000.0,-74897000.0,195403000.0,0.169597,-2243000.0,,94502000.0,6528735000.0,0.143078,0.137137,-0.034945,0.074212,0.120518,0.120518,0.155463,0.163699,258918000.0,,119586000.0,0.103793,9212000.0,1922192000.0,0.001262,2.7551,0.745,ADBE,8991183000.0,7297421000.0,5783113000.0,116379000.0,3771451000.0,1250779000.0,5783113000.0,5783113000.0,1035782000.0,16774000.0,5174000.0,3208070000.0,8991183000.0,4691904000.0,1957291000.0,789651000.0,246131000.0,-12951000.0,0.0,233180000.0,1152161000.0,-3529529000.0,498700000.0,497469000.0,503921000.0
70100000.0,512211000.0,476140000.0,-353184000.0,11429000.0,46748000.0,7.0249,8.0985,12803000.0,0.4854,0.829667,3092.6712500000003,2879.0075,0.37,0.37,11.9636,51088000.0,801263000.0,51397000.0,33883000.0,-6.8885,34.31,32.37,,2821773000.0,0.798332,1.444,0.103581,0.090946,492545000.0,77514000.0,30549000.0,2012-03-31,1512211000.0,1.1162,0.2526,0.201668,69861000.0,69861000.0,-366167000.0,2399951000.0,0.37,0.0,0.0,0.0,51.9583,45.0698,0.04642,286194000.0,356055000.0,-0.031941,0.340651,0.119423,-0.05082,0.273812,0.169189,3632000.0,0.314997,15623842940.0,-0.195652,0.057143,14.4531,11.5324,38.0013,3.3015,18.7222,10.2413,3.6903,8.4399,-2.289367,-6.068834,-0.2077,-225418578.1,4138077000.0,0.896419,85168000.0,199000.0,637825000.0,0.944733,4732395000.0,0.098252,423370000.0,0.079044,0.9365,nm,13366000.0,0.0,1.5285,1502893000.0,1502893000.0,0.200425,0.2511,16877749940.0,358963000.0,-68525000.0,-437707000.0,314363000.0,-68525000.0,-437707000.0,314363000.0,-188237000.0,-1253907000.0,185209000.0,185209000.0,-0.210503,0.066141,185209000.0,12742421.9,-1253907000.0,549780000.0,-0.010752,59094000.0,0.0,0.0,206556000.0,,254193000.0,207239000.0,197951421.9,-0.20153,0.189387,0.079534,2390633000.0,-0.053414,-0.367164,6.153363,108265000.0,0.276477,1045220000.0,0.619942,0.132922,36370000.0,,2670000.0,-2785000.0,,94132000.0,54939000.0,0.0,149812000.0,2.8194,21.5424,3.9865,13.9439,0.177196,-357382000.0,-51088000.0,177728000.0,0.170039,-4561000.0,-80000000.0,-2825000.0,6497070000.0,0.017042,-0.092818,-0.039073,0.08602,0.138293,0.138293,0.177367,0.188118,323947000.0,,102681000.0,0.098239,9318000.0,1964855000.0,0.001243,2.419,0.685003,ADBE,9132708000.0,7498513000.0,5986302000.0,108265000.0,3505655000.0,1115022000.0,5986302000.0,5986302000.0,936955000.0,16838000.0,1021000.0,3146406000.0,9132708000.0,5077273000.0,2031384000.0,647976000.0,288979000.0,-18602000.0,0.0,270377000.0,1045220000.0,-3379289000.0,500600000.0,494016000.0,500378000.0
69416000.0,529391000.0,555024000.0,-61000.0,12614000.0,20615000.0,7.083,7.8965,12148000.0,0.4897,0.584904,2879.0075,3140.137142857143,0.45,0.45,12.1658,60767000.0,951238000.0,44708000.0,289000.0,-5.3088,32.37,32.435,,2887014000.0,0.801558,1.4932,0.116429,0.110749,535115000.0,79360000.0,58326000.0,2012-06-30,1510094000.0,1.0837,0.2476,0.198442,77174000.0,77174000.0,-463528000.0,2534589000.0,0.45,0.0,0.0,0.0,51.5317,46.2228,0.05203,304015000.0,381189000.0,0.112944,0.339001,0.07059,0.101963,0.270368,0.062269,-1248000.0,0.240001,13463039140.0,0.0,0.216216,12.1384,9.6615,27.3363,2.9194,16.3825,8.4969,3.1056,8.3609,-9.003079,0.567966,-0.2259,-97388568.6,4122813000.0,0.883571,70698000.0,89617000.0,600332000.0,0.968946,4611623000.0,0.076897,329297000.0,-0.02552,0.9748,nm,75871000.0,,1.5411,1500668000.0,1500668000.0,0.197204,0.246,14951062140.0,386459000.0,-148735000.0,-148260000.0,448218000.0,-148735000.0,-148260000.0,448218000.0,149975000.0,-1488023000.0,223876000.0,223876000.0,-0.024233,0.208775,223876000.0,8032431.4,-1488023000.0,573566000.0,-0.00619,57551000.0,0.0,0.0,209334000.0,,250756000.0,207239000.0,231908431.4,-0.053072,0.206242,0.171542,2525163000.0,0.151252,0.425798,7.37601,130918000.0,0.271371,1124449000.0,0.6122,0.132394,18337000.0,,2684000.0,-1128000.0,,91075000.0,47636000.0,0.0,163939000.0,2.4511,19.2197,3.4489,10.8616,0.199098,-562645000.0,-60767000.0,180903000.0,0.160881,-2290000.0,-225000000.0,-2191000.0,6671230000.0,0.098976,0.075801,-0.046811,0.097495,0.15424,0.15424,0.201051,0.207241,475213000.0,,110603000.0,0.098362,9426000.0,2046879000.0,0.001239,2.7454,0.759999,ADBE,9365832000.0,7609740000.0,6099646000.0,130918000.0,3770807000.0,1245644000.0,6099646000.0,6099646000.0,993531000.0,16629000.0,7188000.0,3266186000.0,9365832000.0,5021459000.0,2020542000.0,688388000.0,305143000.0,-10569000.0,0.0,294574000.0,1124449000.0,-3479213000.0,497500000.0,495950000.0,501377000.0
58446000.0,566671000.0,547812000.0,50000.0,12331000.0,22511000.0,7.6839,7.8196,12706000.0,0.4858,0.388951,3140.137142857143,2998.25,0.41,0.41,12.8836,77432000.0,1162380000.0,67617000.0,31606000.0,-0.8242,32.435,37.68,,2961860000.0,0.809932,1.4218,0.110701,0.107067,505646000.0,57024000.0,31910000.0,2012-09-30,1510974000.0,1.0724,0.2347,0.190068,74110000.0,74110000.0,-395807000.0,2851556000.0,0.4,0.0,0.0,0.0,47.5016,46.6775,0.050179,279521000.0,353631000.0,0.045775,0.32726,-0.072295,0.019617,0.258677,-0.080568,4066000.0,0.235001,13891012390.0,0.025641,-0.111111,12.4638,9.8592,28.6297,2.9541,16.8084,9.1228,3.1553,7.8723,-0.054385,-0.317759,-0.2449,-128334630.3,4126548000.0,0.889299,61855000.0,-80367000.0,576948000.0,0.941654,4702304000.0,0.078246,341237000.0,0.019664,0.9715,nm,60948000.0,3152000.0,1.5099,1499881000.0,1499881000.0,0.188672,0.2329,15627401390.0,368556000.0,62956000.0,-119220000.0,263340000.0,62956000.0,-119220000.0,263340000.0,211142000.0,-1736389000.0,201357000.0,201357000.0,0.032065,-0.100587,201357000.0,11545369.7,-1736389000.0,619392000.0,-0.007856,68240000.0,0.0,0.0,206633000.0,,253626000.0,207239000.0,212902369.7,0.022008,0.197026,-0.081955,2840463000.0,-0.190042,-0.412473,3.40092,119621000.0,0.257551,1080580000.0,0.631749,0.125676,14803000.0,,1172000.0,1217000.0,,89713000.0,48764000.0,0.0,139115000.0,2.4271,19.9288,3.5497,9.0061,0.186342,-442592000.0,-77432000.0,189145000.0,0.17504,-2316000.0,,2374000.0,6815375000.0,0.06649,-0.039014,-0.048796,0.090533,0.142609,0.142609,0.191405,0.199261,400754000.0,,110249000.0,0.102028,11093000.0,2084983000.0,0.001395,3.4721,0.764999,ADBE,9630013000.0,7949667000.0,6438693000.0,119621000.0,4010173000.0,1169710000.0,6438693000.0,6438693000.0,960959000.0,17253000.0,944000.0,3191320000.0,9630013000.0,5000448000.0,2021610000.0,682655000.0,278304000.0,-15092000.0,0.0,263212000.0,1080580000.0,-3361053000.0,491100000.0,494051000.0,499757000.0
49759000.0,617233000.0,590140000.0,,12283000.0,30712000.0,7.0926,7.0368,12263000.0,0.4628,0.486326,2998.25,3246.57,0.45,0.45,13.2582,81789000.0,1425052000.0,37403000.0,487000.0,0.4077,37.68,43.515,0.0,3038726000.0,0.815479,1.4471,0.108354,0.139506,561463000.0,125243000.0,49886000.0,2012-12-31,1508155000.0,1.0214,0.2263,0.184521,78621000.0,78621000.0,-401822000.0,3136531000.0,0.44,0.0,0.0,0.0,51.4622,51.8699,0.047863,307047000.0,385668000.0,0.212526,0.334367,0.090594,0.254379,0.266204,0.098476,-1093000.0,0.234999,15368975810.0,0.257143,0.1,13.0602,10.4088,24.4254,3.3159,17.495,10.2489,3.49,7.3879,-1.310637,0.892356,-0.2753,-13814473.2,4133259000.0,0.891646,68298000.0,90171000.0,545036000.0,0.946536,4634984000.0,0.056833,249255000.0,-0.014316,0.9763,nm,85066000.0,,1.5288,1496938000.0,1496938000.0,0.183149,0.2246,17399173810.0,402181000.0,-80419000.0,-129475000.0,473659000.0,-80419000.0,-129475000.0,473659000.0,262672000.0,-2030198000.0,222333000.0,222333000.0,0.279843,0.104173,222333000.0,13107526.8,-2030198000.0,664302000.0,-0.007648,82534000.0,0.0,0.0,213198000.0,,330812000.0,207239000.0,235440526.8,0.283982,0.204122,0.105861,3125314000.0,-0.04649,0.79866,5.791231,124978000.0,0.266826,1153428000.0,0.62482,0.123194,9287000.0,,-62500000.0,-718000.0,,93327000.0,50084000.0,0.0,116237000.0,2.6105,20.893,3.9511,8.757,0.192758,-443567000.0,-81789000.0,195047000.0,0.169102,-2985000.0,-100000000.0,-275000.0,7003003000.0,0.0011,0.067416,-0.056981,0.089205,0.142314,0.142314,0.199295,0.206943,395881000.0,,111449000.0,0.096624,11217000.0,2113301000.0,0.001372,3.9523,0.765001,ADBE,10040229000.0,8173337000.0,6665182000.0,124978000.0,4397066000.0,1271752000.0,6665182000.0,6665182000.0,1028450000.0,16767000.0,351000.0,3375047000.0,10040229000.0,4978861000.0,2103295000.0,720685000.0,307765000.0,-17134000.0,0.0,290631000.0,1153428000.0,-3407259000.0,495700000.0,494731000.0,502721000.0
72725000.0,485801000.0,505465000.0,-96356000.0,12439000.0,40110000.0,7.4525,8.7501,10053000.0,0.4525,0.596338,3246.57,3367.4085714285716,0.13,0.13,13.4006,60190000.0,1306382000.0,49863000.0,31960000.0,-7.2629,43.515,45.56,,3116532000.0,0.816306,1.2662,0.15546,0.172828,645834000.0,64930000.0,11126000.0,2013-03-31,1531409000.0,1.181,0.225,0.183694,76752000.0,76752000.0,-529523000.0,3131166000.0,0.13,0.0,0.0,0.0,48.9769,41.714,0.035234,99470000.0,176222000.0,-0.505071,0.174845,-0.543073,-0.652439,0.098693,-0.676043,-5992000.0,0.220006,18097987200.0,-0.648649,-0.704545,18.2798,13.9569,22.2602,3.8704,23.9175,12.0073,4.1449,7.0664,1.589797,10.624045,-0.2645,132951108.2,4221487000.0,0.84454,18367000.0,101031000.0,580568000.0,0.839288,4676058000.0,-0.011905,-56337000.0,0.008862,0.9282,nm,,114269000.0,1.5087,1509003000.0,1509003000.0,0.181006,0.2217,20227267200.0,398033000.0,11405000.0,-446114000.0,322031000.0,11405000.0,-446114000.0,322031000.0,-118670000.0,-2129280000.0,65117000.0,65117000.0,-0.648413,-0.70712,65117000.0,11497108.2,-2129280000.0,686014000.0,-0.006797,79131000.0,0.0,0.0,214056000.0,,292770000.0,207239000.0,76614108.2,-0.612965,0.076016,-0.674593,3108760000.0,0.024392,-0.320121,5.350241,156684000.0,0.097457,1007873000.0,0.747083,0.044659,6767000.0,,,1246000.0,,97320000.0,70168000.0,0.0,161663000.0,2.9723,28.3819,4.6326,10.0971,0.064608,-770174000.0,-60190000.0,209638000.0,0.208,-2864000.0,-100000000.0,2000.0,6808489000.0,-0.035731,-0.126193,-0.020458,0.029236,0.050097,0.050097,0.070556,0.077352,480606000.0,,132853000.0,0.131815,22406000.0,2354307000.0,0.002688,3.9447,0.779994,ADBE,10165711000.0,8336747000.0,6805338000.0,156684000.0,4373083000.0,1264323000.0,6805338000.0,6805338000.0,851189000.0,16834000.0,848000.0,3360373000.0,10165711000.0,5106614000.0,2096050000.0,752965000.0,98224000.0,-14740000.0,0.0,83484000.0,1007873000.0,-3159793000.0,500900000.0,498607000.0,507840000.0
53685000.0,470052000.0,538402000.0,,12792000.0,27461000.0,8.7175,8.5096,8790000.0,0.4329,0.707523,3367.4085714285716,3772.8385714285714,0.15,0.15,13.5181,46249000.0,1246410000.0,18644000.0,716000.0,1.0227,45.56,51.94,,3189944000.0,0.819513,1.2208,0.133869,0.145047,638885000.0,54525000.0,7129000.0,2013-06-30,1525643000.0,1.3756,0.2202,0.180487,80950000.0,80950000.0,-552823000.0,3312885000.0,0.15,0.0,0.0,0.0,41.87,42.8927,0.025711,112577000.0,193527000.0,-0.492307,0.191507,0.0982,-0.629699,0.111402,0.131768,-2039000.0,0.160007,19648992860.0,-0.666667,0.153846,24.6038,17.717,29.5285,4.3055,31.822,14.4672,4.6207,6.9744,2.452509,0.063983,-0.2957,141457729.4,4225169000.0,0.866131,14581000.0,39176000.0,551265000.0,0.809464,4563664000.0,-0.0104,-47959000.0,-0.024036,0.9269,nm,356771000.0,-88566000.0,1.5081,1505560000.0,1505560000.0,0.178111,0.2173,21989057860.0,402208000.0,-22642000.0,-334439000.0,299148000.0,-22642000.0,-334439000.0,299148000.0,-59972000.0,-2340065000.0,76546000.0,76546000.0,-0.658088,0.175515,76546000.0,16952729.4,-2363638000.0,645865000.0,-0.008803,102476000.0,0.0,0.0,214313000.0,,286104000.0,207239000.0,93498729.4,-0.596829,0.092523,0.220385,3292802000.0,-0.332584,-0.071058,6.468205,135281000.0,0.110147,1010549000.0,0.755984,0.048226,6671000.0,23573000.0,-83550000.0,1268000.0,,93174000.0,73445000.0,0.0,143799000.0,3.1743,38.8944,5.1709,10.2233,0.075747,-648228000.0,-46249000.0,203097000.0,0.200977,-7297000.0,-200000000.0,24992000.0,6855463000.0,-0.101294,0.002655,-0.02796,0.032791,0.057802,0.057802,0.085762,0.094565,360038000.0,,120870000.0,0.119608,20083000.0,2619298000.0,0.002376,4.1973,0.839993,ADBE,10280369000.0,8452945000.0,6927302000.0,135281000.0,4557657000.0,1264855000.0,6927302000.0,6927302000.0,875268000.0,17205000.0,-4245000.0,3353067000.0,10280369000.0,5076847000.0,2088212000.0,763959000.0,111309000.0,-20182000.0,0.0,91127000.0,1010549000.0,-3145566000.0,510300000.0,503384000.0,512446000.0
71070000.0,522409000.0,547997000.0,-608019000.0,13064000.0,12966000.0,8.7096,7.6523,7242000.0,0.4195,1.789717,3772.8385714285714,4159.8133333333335,0.16,0.16,13.2957,46798000.0,819085000.0,42190000.0,31658000.0,5.7907,51.94,59.879,,3266231000.0,0.818084,1.2452,0.147797,0.007613,683143000.0,47710000.0,4604000.0,2013-09-30,1519831000.0,1.6004,0.2224,0.181916,82175000.0,82175000.0,-589468000.0,2574469000.0,0.16,0.0,0.0,0.0,41.9076,47.6982,0.019007,112086000.0,194261000.0,-0.450668,0.195214,0.003793,-0.599007,0.112636,-0.004361,1756000.0,0.109994,21874047500.0,-0.6,0.066667,34.6558,23.0331,582.2782,4.2333,43.5441,16.6931,5.2494,6.5153,-1.856285,-3.591306,-0.2565,-366560230.0,4752315000.0,0.852203,10258000.0,-4640000.0,637957000.0,0.83204,5167080000.0,0.09884,464776000.0,0.132222,0.8444,nm,169469000.0,,1.4965,1502369000.0,1502369000.0,0.179826,0.2198,23518153500.0,388673000.0,-247371000.0,-397235000.0,215525000.0,-247371000.0,-397235000.0,215525000.0,-427325000.0,-1644106000.0,83002000.0,83002000.0,-0.587787,0.084341,83002000.0,15213770.0,-1667679000.0,659747000.0,-0.008939,54988000.0,0.0,0.0,171457000.0,,328310000.0,207239000.0,98215770.0,-0.538682,0.098698,0.05045,2557007000.0,-0.181571,-0.279537,4.605432,147076000.0,0.110895,995119000.0,0.741307,0.047256,4841000.0,23573000.0,-6806000.0,1732000.0,,90774000.0,60902000.0,0.0,128495000.0,3.441,52.6136,5.6439,16.2813,0.083409,-282417000.0,-46798000.0,208700000.0,0.209724,-10034000.0,-400000000.0,-791000.0,6878216000.0,-0.079088,-0.015269,-0.023666,0.034994,0.059676,0.059676,0.083342,0.092281,539999000.0,,128043000.0,0.128671,17462000.0,2344852000.0,0.00209,2.81,0.890006,ADBE,10234156000.0,8354590000.0,6834759000.0,147076000.0,3886124000.0,1329117000.0,6834759000.0,6834759000.0,848043000.0,16747000.0,-2079000.0,3399397000.0,10234156000.0,5688285000.0,2070280000.0,737689000.0,110354000.0,-17094000.0,0.0,93260000.0,995119000.0,-3322654000.0,518800000.0,504116000.0,514058000.0
62096000.0,599820000.0,656939000.0,-214000.0,13959000.0,46103000.0,10.4878,6.664,7717000.0,0.3972,3.7933,4159.8133333333335,4202.429999999999,0.14,0.14,13.0963,10861000.0,834556000.0,19004000.0,509000.0,19.9693,59.879,65.74,0.0,3392757000.0,0.816234,1.3003,0.141611,-0.017665,775544000.0,102247000.0,10222000.0,2013-12-31,1513973000.0,2.0216,0.2251,0.183766,81350000.0,81350000.0,-638795000.0,2534957000.0,0.12,0.0,0.0,0.0,34.8023,54.7716,0.009946,103531000.0,184881000.0,-0.520621,0.17748,-0.048286,-0.662817,0.099387,-0.076325,1034000.0,0.259998,27495388280.0,-0.727273,-0.25,64.292,36.7148,nm,5.4287,79.8823,23.874,6.7802,6.1254,-24.608803,0.034887,-0.2756,-353772127.0,4771981000.0,0.858389,22950000.0,56779000.0,605254000.0,0.852595,5064855000.0,0.092745,429871000.0,-0.019784,0.8361,nm,71954000.0,,1.5251,1499297000.0,1499297000.0,0.181984,0.223,29155167280.0,431540000.0,-300530000.0,-15000.0,314982000.0,-300530000.0,-15000.0,314982000.0,15471000.0,-1659779000.0,65320000.0,65320000.0,-0.706206,-0.213031,65320000.0,10778873.0,-1659779000.0,659774000.0,-0.005842,111533000.0,0.0,0.0,185813000.0,,375634000.0,207239000.0,76098873.0,-0.676781,0.073053,-0.225187,2520281000.0,-0.335003,0.461464,29.001197,147516000.0,0.098719,1041699000.0,0.75967,0.039474,6171000.0,,33557000.0,695000.0,,90121000.0,61555000.0,0.0,170110000.0,4.3356,100.5403,7.1895,21.6381,0.062705,-424976000.0,-35121000.0,205196000.0,0.196982,-6041000.0,-400000000.0,2294000.0,6928964000.0,-0.096867,0.046808,-0.018443,0.024905,0.042639,0.042639,0.061083,0.066925,436036000.0,24260000.0,138358000.0,0.13282,14676000.0,2339196000.0,0.001781,2.6241,0.740002,ADBE,10380298000.0,8238607000.0,6724634000.0,147516000.0,4045929000.0,1525648000.0,6724634000.0,6724634000.0,894183000.0,16722000.0,1461000.0,3655664000.0,10380298000.0,5674595000.0,2130016000.0,791347000.0,102836000.0,-14566000.0,0.0,88270000.0,1041699000.0,-3643190000.0,500000000.0,501372000.0,513476000.0
64508000.0,510507000.0,584273000.0,0.0,13552000.0,56592000.0,8.4292,8.125,6992000.0,0.3966,4.41316,4202.429999999999,4378.857142857143,0.09,0.09,13.0048,29393000.0,733916000.0,16401000.0,31740000.0,1.6214,65.74,72.36,,3475247000.0,0.814087,1.2056,0.148491,0.002561,831077000.0,91149000.0,12986000.0,2014-03-31,1509728000.0,2.0619,0.2284,0.185913,77636000.0,77636000.0,-688738000.0,2443354000.0,0.09,0.0,0.0,0.0,43.3019,44.9232,0.007794,81891000.0,159527000.0,-0.094738,0.159508,-0.137137,-0.176727,0.081881,-0.20902,318000.0,0.275011,33265010200.0,-0.307692,-0.25,81.1174,45.4318,2688.1499,6.6683,102.4057,30.7631,8.2187,6.0541,-2.920789,0.278148,-0.2796,-255370999.4,4782448000.0,0.851509,17846000.0,43947000.0,570171000.0,0.792419,4988519000.0,0.066821,312461000.0,-0.015072,0.8376,nm,189804000.0,0.0,1.5214,896418000.0,896418000.0,0.110388,0.1356,34887374200.0,410141000.0,-258209000.0,-94422000.0,251673000.0,-258209000.0,-94422000.0,251673000.0,-100640000.0,-1622364000.0,47046000.0,47046000.0,-0.277516,-0.279761,47046000.0,10044000.6,-1622364000.0,651083000.0,-0.005354,83044000.0,0.0,0.0,185212000.0,,362859000.0,207239000.0,57090000.6,-0.254837,0.057083,-0.249792,1830044000.0,-0.218482,-0.200992,8.562345,148509000.0,0.078737,1000120000.0,0.772772,0.032473,6193000.0,,-243580000.0,3145000.0,,92550000.0,71171000.0,0.0,208643000.0,5.2773,128.303,8.6195,27.7266,0.04704,-381660000.0,-29393000.0,209525000.0,0.2095,-4433000.0,-200000000.0,663000.0,6734701000.0,-0.007692,-0.039915,-0.014867,0.018656,0.032945,0.032945,0.047812,0.053167,316631000.0,,138984000.0,0.138967,613310000.0,2398176000.0,0.075525,2.4752,0.724989,ADBE,10245882000.0,8120611000.0,6610883000.0,148509000.0,3942391000.0,2112347000.0,6610883000.0,6610883000.0,851611000.0,16590000.0,-409000.0,3634999000.0,10245882000.0,5652408000.0,1522652000.0,772865000.0,78746000.0,-13854000.0,0.0,64892000.0,1000120000.0,-3655657000.0,522700000.0,496948000.0,508340000.0
54858000.0,531557000.0,656940000.0,,13352000.0,46642000.0,11.0188,8.1971,6099000.0,0.3975,4.050793,4378.857142857143,4509.9685714285715,0.18,0.18,13.0986,27198000.0,817020000.0,11131000.0,390000.0,11.4026,72.36,69.19,,3562743000.0,0.815024,1.3397,0.145013,0.017177,879109000.0,72489000.0,13696000.0,2014-06-30,1506293000.0,1.9974,0.227,0.184976,77653000.0,77653000.0,-824098000.0,2506113000.0,0.17,0.0,0.0,0.0,33.1253,44.5279,0.008681,137821000.0,215474000.0,0.113405,0.201715,0.350706,0.224238,0.129021,0.682981,-573000.0,0.270007,30877660980.0,0.133333,0.888889,70.9295,40.944,383.4324,6.4155,93.6153,26.8568,7.5217,6.3729,-2.064407,0.410393,-0.3087,-150568585.7,4773798000.0,0.854987,32744000.0,118479000.0,532317000.0,0.879917,4812970000.0,0.054628,249306000.0,-0.035191,0.8756,nm,-80661000.0,,1.5226,896551000.0,896551000.0,0.110098,0.1351,32701578980.0,426830000.0,-135927000.0,-147932000.0,367536000.0,-135927000.0,-147932000.0,367536000.0,83104000.0,-1823918000.0,88527000.0,88527000.0,0.15652,0.881712,88527000.0,10210414.3,-1823918000.0,642450000.0,-0.004877,82877000.0,0.0,0.0,189365000.0,,351612000.0,207239000.0,98737414.3,0.056029,0.092433,0.729505,1896371000.0,0.228609,0.460371,13.513347,154904000.0,0.126621,1068208000.0,0.728366,0.051291,3627000.0,,98360000.0,2563000.0,,102052000.0,73712000.0,0.0,180086000.0,4.9272,115.189,7.966,24.5734,0.082874,-521044000.0,-27198000.0,209092000.0,0.195741,-3626000.0,-150000000.0,-366000.0,6806104000.0,0.057057,0.06808,-0.026492,0.032946,0.054443,0.054443,0.080935,0.085812,400310000.0,,129138000.0,0.120892,609742000.0,2513191000.0,0.074878,2.6264,0.729993,ADBE,10372199000.0,8143181000.0,6636888000.0,154904000.0,4114343000.0,2217972000.0,6636888000.0,6636888000.0,913304000.0,17103000.0,553000.0,3735311000.0,10372199000.0,5615406000.0,1517339000.0,778046000.0,135258000.0,-13987000.0,0.0,121271000.0,1068208000.0,-3778601000.0,491800000.0,497931000.0,506687000.0
53791000.0,528331000.0,630679000.0,,13108000.0,20067000.0,9.7493,7.8334,5776000.0,0.3971,3.563008,4509.9685714285715,4778.2242857142855,0.09,0.09,13.2554,54966000.0,903329000.0,-20418000.0,29432000.0,9.1567,69.19,72.7,,3675690000.0,0.816948,1.2715,0.156875,0.148161,947563000.0,79713000.0,4438000.0,2014-09-30,1508256000.0,2.1075,0.2241,0.183052,80154000.0,80154000.0,-879551000.0,2640646000.0,0.09,0.0,0.0,0.0,37.4386,46.5953,0.006726,75630000.0,155784000.0,-0.198069,0.154946,-0.277017,-0.32525,0.075223,-0.451245,-2023000.0,0.29,34499669900.0,-0.4375,-0.470588,86.4929,48.2064,47.1056,7.3103,121.2096,28.6849,8.383,5.6937,2.365194,4.323575,-0.2712,500425983.6,4746781000.0,0.843125,18252000.0,59984000.0,490839000.0,0.832183,4719319000.0,-0.086656,-447761000.0,-0.019458,0.8325,nm,104698000.0,,1.5279,901830000.0,901830000.0,0.109452,0.134,36511610900.0,406475000.0,-9794000.0,-170394000.0,268520000.0,-9794000.0,-170394000.0,268520000.0,86309000.0,-2011941000.0,44686000.0,44686000.0,-0.461627,-0.495227,44686000.0,7978983.6,-2011941000.0,785856000.0,-0.004337,83696000.0,0.0,0.0,190448000.0,,344715000.0,80439000.0,52664983.6,-0.463783,0.052382,-0.466616,2034220000.0,0.245888,-0.269405,4.885202,157724000.0,0.073777,1005409000.0,0.769348,0.029871,2351000.0,,13880000.0,1454000.0,,110297000.0,74403000.0,0.0,151227000.0,5.4242,148.6756,8.8719,24.4447,0.044446,-522331000.0,-54966000.0,212049000.0,0.210908,-3372000.0,-125000000.0,201000.0,6850790000.0,0.01034,-0.058789,-0.013005,0.017649,0.030605,0.030605,0.04361,0.047947,406903000.0,,141676000.0,0.140914,606426000.0,2616868000.0,0.0736,2.9413,0.71,ADBE,10493680000.0,8239516000.0,6731260000.0,157724000.0,4279468000.0,2245248000.0,6731260000.0,6731260000.0,847685000.0,13361000.0,669000.0,3762420000.0,10493680000.0,5428356000.0,1517172000.0,773509000.0,74176000.0,-11238000.0,0.0,62938000.0,1005409000.0,-3815287000.0,496500000.0,498468000.0,507811000.0
68377000.0,591800000.0,683866000.0,-29802000.0,12412000.0,-8094000.0,9.5358,6.9604,5194000.0,0.3919,2.235511,4778.2242857142855,4926.4457142857145,0.18,0.18,13.3258,36775000.0,1117400000.0,13026000.0,7324000.0,14.1627,72.7,73.94,0.0,3778556000.0,0.817337,1.4126,0.149948,0.170687,1097923000.0,95279000.0,23920000.0,2014-12-31,1514315000.0,2.0644,0.2235,0.182663,78147000.0,78147000.0,-1028369000.0,2711122000.0,0.18,0.0,0.0,0.0,38.2769,52.4397,0.007164,124610000.0,202757000.0,0.096689,0.188905,0.301526,0.203601,0.116097,0.647627,-4370000.0,0.214999,35239630400.0,0.5,1.0,83.9135,48.0404,42.9423,7.7437,114.9734,27.371,8.4975,5.7403,2.729539,0.222683,-0.2878,611862563.6,4721962000.0,0.850052,24139000.0,147581000.0,469662000.0,0.901011,4550729000.0,-0.101509,-514126000.0,-0.035723,0.8626,nm,14000000.0,,1.5678,911086000.0,911086000.0,0.109899,0.1345,37464806400.0,408862000.0,-103353000.0,-77959000.0,399753000.0,-103353000.0,-77959000.0,399753000.0,214071000.0,-2225176000.0,88136000.0,88136000.0,0.349296,0.97234,88136000.0,9600563.6,-2225176000.0,785123000.0,-0.004942,85889000.0,0.0,0.0,183147000.0,,342315000.0,80439000.0,97736563.6,0.284337,0.091059,0.855817,2107893000.0,0.26913,0.488727,10.870238,160943000.0,0.115999,1073328000.0,0.734053,0.045494,17120000.0,,10900000.0,105000.0,,126315000.0,73747000.0,0.0,175758000.0,5.5291,139.5883,9.0341,23.6478,0.082115,-606723000.0,-36775000.0,213687000.0,0.199088,-3253000.0,-125000000.0,19385000.0,6924294000.0,0.030363,0.067554,-0.024025,0.032177,0.054521,0.054521,0.078545,0.083488,595341000.0,,133534000.0,0.124411,603229000.0,2622091000.0,0.072764,3.1157,0.785001,ADBE,10785829000.0,8290220000.0,6775905000.0,160943000.0,4602328000.0,2494435000.0,6775905000.0,6775905000.0,912385000.0,12678000.0,343000.0,4009924000.0,10785829000.0,5398378000.0,1515489000.0,787880000.0,124505000.0,-12230000.0,0.0,112275000.0,1073328000.0,-3918851000.0,497000000.0,497867000.0,508480000.0
71670000.0,532427000.0,564211000.0,-800342000.0,14272000.0,-103810000.0,9.4049,8.1618,4495000.0,0.4005,1.959267,4926.4457142857145,5082.072857142857,0.17,0.17,12.9826,35546000.0,712884000.0,5994000.0,16885000.0,5.9107,73.94,81.01,,3897899000.0,0.776034,1.4904,0.150379,0.002407,1129701000.0,60470000.0,19934000.0,2015-03-31,1901618000.0,2.2911,0.2886,0.223966,79635000.0,79635000.0,-992757000.0,2184063000.0,0.17,0.0,0.0,0.0,38.8096,44.7204,0.007628,176363000.0,255998000.0,0.604731,0.230799,0.262585,1.153631,0.159003,0.41532,-8435000.0,0.480006,38870104600.0,0.888889,-0.055556,75.5604,46.8307,3134.6321,7.3149,115.1027,31.8915,9.1327,5.9302,0.07849,-1.384608,-0.2195,-235327017.5,5396174000.0,0.849621,78360000.0,-54773000.0,629317000.0,0.925636,5313818000.0,0.06521,325299000.0,0.167685,0.8262,nm,56320000.0,989280000.0,1.6102,1901554000.0,1901554000.0,0.223959,0.2886,40145306600.0,392741000.0,119275000.0,-698371000.0,183015000.0,119275000.0,-698371000.0,183015000.0,-404516000.0,-1275202000.0,84888000.0,84888000.0,0.804362,-0.036852,84888000.0,5083982.5,-1275202000.0,784314000.0,-0.003509,73265000.0,0.0,0.0,298631000.0,,348644000.0,80439000.0,89971982.5,0.575967,0.081116,-0.079444,2183999000.0,-0.272806,-0.54218,5.148681,166798000.0,0.155993,1109181000.0,0.693627,0.06368,2580000.0,,-116418000.0,3338000.0,,146019000.0,77918000.0,0.0,202442000.0,6.0928,131.0923,9.4324,71.2391,0.076532,-334969000.0,-35546000.0,215509000.0,0.194296,-609907000.0,-200000000.0,1755000.0,6756803000.0,0.109048,0.033404,-0.015482,0.030651,0.051539,0.051539,0.067021,0.070531,472486000.0,,145081000.0,0.1308,64000.0,2463936000.0,8e-06,1.1103,0.519994,ADBE,11008422000.0,8490638000.0,6589020000.0,166798000.0,3972159000.0,1788160000.0,6589020000.0,6589020000.0,942383000.0,14545000.0,1430000.0,4419402000.0,11008422000.0,6251949000.0,2631242000.0,769358000.0,173025000.0,-9777000.0,0.0,163248000.0,1109181000.0,-3961872000.0,499300000.0,498754000.0,507526000.0
56539000.0,502617000.0,647784000.0,-5637000.0,18081000.0,-129473000.0,12.0405,8.4127,4347000.0,0.404,1.779832,5082.072857142857,4680.105,0.3,0.3,13.0742,35730000.0,956147000.0,14214000.0,6921000.0,13.0727,81.01,82.22,,3994713000.0,0.776337,1.4909,0.159335,0.02203,1175542000.0,71218000.0,55473000.0,2015-06-30,1904376000.0,2.1211,0.2881,0.223663,85929000.0,85929000.0,-1171884000.0,2241364000.0,0.29,0.0,0.0,0.0,30.3143,43.387,0.009133,197356000.0,283285000.0,0.314706,0.243758,0.106591,0.431973,0.169819,0.119033,-3210000.0,0.185004,38477608380.0,0.705882,0.705882,67.0389,42.8565,352.3435,7.5428,96.8073,29.0886,8.8453,6.094,0.133524,0.445605,-0.2516,-130464011.6,5388971000.0,0.840665,33481000.0,153150000.0,583198000.0,0.916993,5101231000.0,0.059893,288261000.0,-0.040006,0.8775,nm,14849000.0,,1.6258,1904376000.0,1904376000.0,0.223663,0.2881,39986480380.0,426998000.0,-186102000.0,-38909000.0,471484000.0,-186102000.0,-38909000.0,471484000.0,243263000.0,-1508872000.0,147493000.0,147493000.0,0.666079,0.737501,147493000.0,10303988.4,-1508872000.0,785199000.0,-0.006183,84912000.0,0.0,0.0,297412000.0,,326922000.0,80439000.0,157796988.4,0.598148,0.135779,0.753846,2241364000.0,0.282824,1.576204,13.195746,185173000.0,0.166601,1162158000.0,0.674063,0.068599,1695000.0,,-798000.0,3739000.0,,149179000.0,85190000.0,0.0,191314000.0,6.0493,109.4911,9.1921,62.6812,0.126913,-362363000.0,-35730000.0,208047000.0,0.179018,-153000.0,-200000000.0,34000.0,6879444000.0,0.087951,0.047762,-0.031533,0.051267,0.087619,0.087619,0.119152,0.125336,364821000.0,,130208000.0,0.11204,0.0,2457101000.0,0.0,1.2618,0.814996,ADBE,11165383000.0,8514479000.0,6610103000.0,185173000.0,4178397000.0,1937033000.0,6610103000.0,6610103000.0,976985000.0,16605000.0,223000.0,4555280000.0,11165383000.0,6201787000.0,2618247000.0,783368000.0,193617000.0,-12643000.0,0.0,180974000.0,1162158000.0,-4134581000.0,491600000.0,499290000.0,505582000.0
69823000.0,593554000.0,658342000.0,-20025000.0,18246000.0,-140831000.0,11.3887,8.1335,3142000.0,0.4147,1.262672,4680.105,5035.83,0.35,0.35,13.5255,48984000.0,829292000.0,41338000.0,25114000.0,12.8266,82.22,93.94,,4094194000.0,0.782097,1.5056,0.156832,0.034726,1259712000.0,82438000.0,71487000.0,2015-09-30,1906094000.0,1.7648,0.2786,0.217903,87550000.0,87550000.0,-1203659000.0,2465074000.0,0.34,0.0,0.0,0.0,32.0494,44.876,0.012325,250452000.0,338002000.0,1.169684,0.277559,0.193152,2.311543,0.205665,0.269037,-3542000.0,0.249997,38398595600.0,2.777778,0.172414,51.2815,35.5529,225.7126,7.5607,72.5192,27.1418,8.4163,5.7631,-1.34942,-0.340285,-0.2781,-174858956.8,5402159000.0,0.843168,58154000.0,10121000.0,556810000.0,0.928797,5078693000.0,0.07615,359374000.0,-0.004418,0.9313,nm,83590000.0,,1.6211,1906094000.0,1906094000.0,0.217903,0.2786,40161234600.0,422031000.0,-18710000.0,-465091000.0,360488000.0,-18710000.0,-465091000.0,360488000.0,-126855000.0,-1762639000.0,174465000.0,174465000.0,2.904243,0.18287,174465000.0,10050043.2,-1762639000.0,797464000.0,-0.005325,88352000.0,0.0,0.0,296886000.0,,316142000.0,80439000.0,184515043.2,2.503562,0.151519,0.169319,2465074000.0,0.3425,-0.235418,7.359301,190985000.0,0.202025,1217768000.0,0.641143,0.085295,1450000.0,,-1343000.0,4433000.0,,145635000.0,83985000.0,0.0,181163000.0,5.8704,81.1368,8.8026,45.5155,0.143266,-747809000.0,-48984000.0,218660000.0,0.179558,-957000.0,-100000000.0,-751000.0,7049629000.0,0.211217,0.047851,-0.040724,0.059416,0.100386,0.100386,0.141109,0.146435,351727000.0,,122578000.0,0.100658,0.0,2839441000.0,0.0,1.7445,0.750003,ADBE,11508395000.0,8747426000.0,6841332000.0,190985000.0,4525888000.0,2060814000.0,6841332000.0,6841332000.0,1026783000.0,16519000.0,-1314000.0,4667063000.0,11508395000.0,6185043000.0,2606249000.0,780764000.0,246019000.0,-13400000.0,0.0,232619000.0,1217768000.0,-4161660000.0,498500000.0,498630000.0,505809000.0
93307000.0,672006000.0,679884000.0,,18050000.0,-169080000.0,9.2071,7.589,,0.426,0.992771,5035.83,4815.68,0.44,0.44,13.8054,6897000.0,876560000.0,141464000.0,7094000.0,8.4524,93.94,93.8,0.0,4184944000.0,0.785916,1.551,0.154134,0.059267,1434200000.0,,6165000.0,2015-12-31,1907231000.0,1.4941,0.2724,0.214084,86359000.0,86359000.0,-1379748000.0,2608336000.0,0.44,0.0,0.0,0.0,39.6435,48.0959,0.013468,312833000.0,399192000.0,0.96882,0.305566,0.181034,1.510497,0.239461,0.249074,-6110000.0,0.25,44664452880.0,1.444444,0.294118,47.6673,34.9904,159.1332,9.0768,68.6436,30.3943,9.3138,6.099,-1.248704,0.129741,-0.3125,-152172500.0,5366881000.0,0.845866,74235000.0,153683000.0,510007000.0,0.949197,4920727000.0,0.081305,369998000.0,-0.031104,1.0126,nm,9511000.0,,1.634,1907231000.0,1907231000.0,0.214084,0.2724,46745305880.0,441472000.0,-115150000.0,-285987000.0,454515000.0,-115150000.0,-285987000.0,454515000.0,47268000.0,-2080853000.0,222705000.0,222705000.0,1.526834,0.276502,222705000.0,-4879500.0,-2080853000.0,787421000.0,0.002266,-8232000.0,0.0,0.0,307223000.0,,208209000.0,80439000.0,217825500.0,1.2287,0.166737,0.18053,2608336000.0,0.13699,0.260833,65.900391,201361000.0,0.222316,1306404000.0,0.623551,0.102019,,,339000.0,22399000.0,,159832000.0,88673000.0,0.0,161802000.0,6.6764,74.2518,9.7477,41.5628,0.170472,-642471000.0,-64676000.0,220514000.0,0.168795,,-125000000.0,-1038000.0,7253431000.0,0.217153,0.072786,-0.052062,0.072627,0.11678,0.11678,0.168842,0.166575,363381000.0,57779000.0,135611000.0,0.103805,,3111524000.0,0.0,2.2176,0.75,ADBE,11726472000.0,8908811000.0,7001580000.0,201361000.0,4821892000.0,2213556000.0,7001580000.0,7001580000.0,1105043000.0,16515000.0,622000.0,4724892000.0,11726472000.0,6117159000.0,2511336000.0,814609000.0,290434000.0,6506000.0,0.0,296940000.0,1306404000.0,-4267715000.0,499600000.0,498764000.0,507164000.0
71706000.0,599207000.0,591821000.0,0.0,18394000.0,-151679000.0,10.826,8.9599,,0.4427,0.719677,4815.68,4782.282222222221,0.51,0.51,14.0034,46200000.0,830696000.0,15973000.0,26077000.0,7.0218,93.8,95.79,,4292547000.0,0.786972,1.5701,0.143546,0.242906,1563821000.0,,4458000.0,2016-03-31,1916831000.0,1.356,0.2707,0.213028,81200000.0,81200000.0,-1394304000.0,2703584000.0,0.5,0.0,0.0,0.0,33.7153,40.7371,0.018334,311945000.0,393145000.0,0.535735,0.284201,-0.015148,0.768767,0.225502,-0.002839,-157000.0,0.13,41398100680.0,1.941176,0.136364,38.5965,29.2851,33.3716,8.4483,50.0675,23.205,8.1658,6.4206,3.89564,5.47796,-0.2528,681422365.2,5389000000.0,0.856454,38000000.0,83942000.0,518686000.0,0.937047,4900145000.0,-0.077849,-413673000.0,-0.004183,0.9927,nm,45544000.0,,1.6755,1916831000.0,1916831000.0,0.213028,0.2707,43579157680.0,474891000.0,-284392000.0,-258842000.0,497527000.0,-284392000.0,-258842000.0,497527000.0,-45864000.0,-2181057000.0,254307000.0,254307000.0,1.995794,0.141901,254307000.0,13442365.2,-2181057000.0,794876000.0,-0.007779,78078000.0,0.0,0.0,306144000.0,,265748000.0,80439000.0,267749365.2,1.975919,0.193554,0.229192,2703584000.0,1.718504,0.094633,10.768983,198572000.0,0.222475,1383335000.0,0.633979,0.099822,,,-179936000.0,4187000.0,,178291000.0,94951000.0,0.0,238295000.0,6.1542,54.5442,8.5961,37.1355,0.183836,-586202000.0,-46200000.0,237204000.0,0.171473,0.0,-150000000.0,,7221083000.0,0.247168,0.058888,-0.050545,0.081378,0.141594,0.141594,0.192139,0.199918,373560000.0,,146516000.0,0.105915,,3267192000.0,0.0,2.3207,0.87,ADBE,11896682000.0,8998033000.0,7081202000.0,198572000.0,4935390000.0,2231806000.0,7081202000.0,7081202000.0,1184763000.0,18469000.0,-1169000.0,4815480000.0,11896682000.0,6166416000.0,2583674000.0,877005000.0,307758000.0,-15451000.0,0.0,292307000.0,1383335000.0,-4280749000.0,498600000.0,499125000.0,505676000.0
75582000.0,666736000.0,661013000.0,-48427000.0,18988000.0,-133047000.0,12.0041,9.0755,,0.4539,0.669979,4782.282222222221,5293.855555555556,0.49,0.49,14.3615,53759000.0,886379000.0,17970000.0,7869000.0,9.812,95.79,108.54,,4428331000.0,0.79059,1.5885,0.144475,0.236541,1633221000.0,,15774000.0,2016-06-30,1920000000.0,1.2267,0.2649,0.20941,84461000.0,84461000.0,-1465434000.0,2852974000.0,0.48,0.0,0.0,0.0,30.4063,40.2183,0.017977,350322000.0,434783000.0,0.53479,0.310846,0.10591,0.775077,0.250461,0.123025,-639000.0,0.260001,47417949500.0,0.655172,-0.04,38.6911,30.2966,40.295,9.7797,51.3109,26.3251,8.9363,6.7113,4.889009,-0.255417,-0.2821,507375651.3,5444556000.0,0.855525,85756000.0,121156000.0,494193000.0,0.941505,4848592000.0,-0.049525,-252639000.0,-0.010521,1.0666,nm,6741000.0,,1.6872,1920000000.0,1920000000.0,0.20941,0.2649,49816357500.0,462789000.0,-180888000.0,-251505000.0,488715000.0,-180888000.0,-251505000.0,488715000.0,55683000.0,-2398408000.0,244074000.0,244074000.0,0.654818,-0.040239,244074000.0,10662651.3,-2400019000.0,796077000.0,-0.005456,39024000.0,0.0,0.0,321632000.0,,245611000.0,80439000.0,254736651.3,0.614332,0.182123,-0.0486,2852974000.0,0.036546,-0.017712,9.09085,202079000.0,0.246112,1398709000.0,0.609413,0.113676,,,37392000.0,6083000.0,,162954000.0,96950000.0,0.0,253420000.0,6.8725,55.6265,9.3883,38.0318,0.174499,-592643000.0,-53759000.0,232484000.0,0.166213,-21000.0,-225000000.0,,7444115000.0,0.203545,0.011114,-0.056328,0.0792,0.137923,0.137923,0.194251,0.199707,443324000.0,,138130000.0,0.098755,,3432029000.0,0.0,2.5952,0.739999,ADBE,12216783000.0,9168611000.0,7248611000.0,202079000.0,5238564000.0,2385590000.0,7248611000.0,7248611000.0,1196630000.0,17174000.0,-3318000.0,4968172000.0,12216783000.0,6182142000.0,2584193000.0,852391000.0,344239000.0,-14409000.0,0.0,329830000.0,1398709000.0,-4490788000.0,498100000.0,499974000.0,504725000.0
83444000.0,731166000.0,666278000.0,,22652000.0,-134111000.0,10.5008,8.3828,,0.4651,0.907373,5293.855555555556,5446.107142857143,0.54,0.54,14.4499,55213000.0,767672000.0,74565000.0,24236000.0,8.7824,108.54,102.95,,4541859000.0,0.791551,1.6194,0.13846,0.274904,1745282000.0,,10662000.0,2016-09-30,1916591000.0,1.1387,0.2633,0.208449,84014000.0,84014000.0,-1533354000.0,2913044000.0,0.54,0.0,0.0,0.0,34.7593,43.5417,0.019014,372050000.0,456064000.0,0.349294,0.311526,0.048946,0.485514,0.254138,0.062023,-5047000.0,0.240002,49635191330.0,0.588235,0.125,36.8446,29.4889,36.7472,10.4536,48.6541,25.3416,8.9394,6.9017,4.495619,0.204709,-0.304,611240212.2,5433180000.0,0.86154,85513000.0,83280000.0,454230000.0,0.95767,4748139000.0,-0.065086,-330554000.0,-0.020718,1.1301,nm,87538000.0,,1.691,1916591000.0,1916591000.0,0.208449,0.2633,52164998330.0,477475000.0,-324957000.0,-306588000.0,517885000.0,-324957000.0,-306588000.0,517885000.0,-118707000.0,-2529807000.0,270788000.0,270788000.0,0.552105,0.10945,270788000.0,9898212.2,-2529807000.0,811524000.0,-0.004612,79803000.0,0.0,0.0,328834000.0,,238459000.0,80439000.0,280686212.2,0.52121,0.19173,0.101868,2913044000.0,0.436622,0.059687,9.379766,202701000.0,0.252277,1463967000.0,0.609263,0.118202,,,-12430000.0,2725000.0,,169358000.0,99945000.0,0.0,241146000.0,7.1675,52.5924,9.395,37.5143,0.184969,-691077000.0,-55213000.0,248450000.0,0.16971,-65000.0,-400000000.0,,7714904000.0,0.202172,0.046656,-0.067271,0.08603,0.149394,0.149394,0.216665,0.221277,439702000.0,,143364000.0,0.097928,,3678726000.0,0.0,2.7608,0.759998,ADBE,12367441000.0,9194537000.0,7277946000.0,202701000.0,5418710000.0,2505666000.0,7277946000.0,7277946000.0,1261266000.0,17281000.0,1532000.0,5089495000.0,12367441000.0,6137207000.0,2583829000.0,891941000.0,369325000.0,-13024000.0,0.0,356301000.0,1463967000.0,-4844706000.0,501500000.0,498584000.0,503669000.0
88024000.0,833033000.0,739630000.0,,18500000.0,-173602000.0,9.0432,7.7798,,0.4794,0.919761,5446.107142857143,5855.671111111111,0.81,0.81,14.7231,48633000.0,1011315000.0,141376000.0,8011000.0,6.5548,102.95,130.13,0.0,4616392000.0,0.79691,1.6352,0.134639,0.333751,1945619000.0,,38362000.0,2016-12-31,1892200000.0,1.0291,0.2548,0.20309,81860000.0,81860000.0,-1733161000.0,3028139000.0,0.8,0.0,0.0,0.0,40.3617,46.9165,0.023239,472833000.0,554693000.0,0.389539,0.344868,0.216261,0.511455,0.293974,0.270886,-8391000.0,0.124999,47424639270.0,0.818182,0.481481,31.4664,25.7927,29.9893,10.4099,38.9879,21.5593,8.1006,7.3012,6.11418,0.273211,-0.3431,778237517.1,5406474000.0,0.865361,57087000.0,131059000.0,414405000.0,0.96588,4555735000.0,-0.074174,-364992000.0,-0.040522,1.2356,nm,5874000.0,,1.693,1892200000.0,1892200000.0,0.20309,0.2548,50293739270.0,495042000.0,-300469000.0,-143098000.0,695601000.0,-300469000.0,-143098000.0,695601000.0,243643000.0,-2869100000.0,399613000.0,399613000.0,0.79436,0.475741,399613000.0,13632517.1,-2869100000.0,816264000.0,-0.005508,83069000.0,0.0,0.0,253512000.0,,217660000.0,80439000.0,413245517.1,0.89714,0.256927,0.472269,3028139000.0,0.530425,0.343157,14.303066,216556000.0,0.29363,1608419000.0,0.571731,0.140933,,,-6321000.0,553000.0,,139890000.0,97404000.0,0.0,245441000.0,6.7737,43.0309,8.5907,31.3561,0.248451,-473733000.0,-48633000.0,257849000.0,0.160312,-22000.0,-300000000.0,,8114517000.0,0.23118,0.098672,-0.110813,0.119109,0.206638,0.206638,0.317451,0.32296,379268000.0,,148192000.0,0.092135,,3749985000.0,0.0,3.1806,0.875001,ADBE,12697246000.0,9317035000.0,7424835000.0,216556000.0,5839774000.0,2811635000.0,7424835000.0,7424835000.0,1391863000.0,17518000.0,1385000.0,5272411000.0,12697246000.0,6041208000.0,2460776000.0,919583000.0,472280000.0,-15580000.0,0.0,456700000.0,1608419000.0,-5132472000.0,497400000.0,498345000.0,504299000.0
191484000.0,850840000.0,763012000.0,-459626000.0,19128000.0,-185409000.0,6.5251,8.4863,,0.4934,0.856868,5855.671111111111,6204.096666666666,0.81,0.81,15.1513,30903000.0,1068896000.0,27254000.0,24888000.0,-12.927,130.13,141.44,,4720027000.0,0.801106,1.6446,0.141134,0.294076,1988008000.0,,11565000.0,2017-03-31,1884074000.0,0.9408,0.2483,0.198894,80809000.0,80809000.0,-1846124000.0,2801493000.0,0.8,0.0,0.0,0.0,55.9377,43.0107,0.021837,476205000.0,557014000.0,0.416816,0.331231,0.004184,0.526567,0.283178,0.007131,-2412000.0,0.135001,57359811440.0,0.6,0.0,34.3182,28.6433,40.1121,11.8877,42.3322,23.5799,9.3226,7.6119,-0.294591,-0.382346,-0.3371,480681442.6,5753575000.0,0.858866,62186000.0,153711000.0,489202000.0,0.967298,4825147000.0,-0.015305,-74998000.0,0.059137,1.2653,nm,51787000.0,,1.7002,1884074000.0,1884074000.0,0.198894,0.2483,60123354440.0,520297000.0,-331495000.0,-338882000.0,730370000.0,-331495000.0,-338882000.0,730370000.0,57581000.0,-2763543000.0,398446000.0,398446000.0,0.566791,-0.00292,398446000.0,7237442.6,-2763543000.0,821730000.0,-0.002927,97404000.0,0.0,0.0,221034000.0,,286407000.0,80439000.0,405683442.6,0.515161,0.241242,-0.018299,2801493000.0,0.468001,0.049984,23.634275,237337000.0,0.278893,1681646000.0,0.579973,0.139713,,,-183014000.0,7206000.0,,144275000.0,110509000.0,0.0,257105000.0,7.9228,45.7936,9.7718,44.6711,0.236938,-494232000.0,-30903000.0,285077000.0,0.169523,-268000.0,-200000000.0,,8299362000.0,0.215646,0.045527,-0.103872,0.116899,0.201373,0.201373,0.305245,0.308173,645879000.0,,150808000.0,0.089679,,3578721000.0,0.0,2.6872,0.864999,ADBE,13044783000.0,9472764000.0,7588690000.0,237337000.0,5755562000.0,2954069000.0,7588690000.0,7588690000.0,1444309000.0,18130000.0,2557000.0,5456093000.0,13044783000.0,6467491000.0,2502024000.0,975310000.0,468999000.0,-8367000.0,0.0,460632000.0,1681646000.0,-5245290000.0,491900000.0,494612000.0,500861000.0
77905000.0,901452000.0,865385000.0,,19320000.0,-146752000.0,11.6747,8.3233,,0.5102,0.831464,6204.096666666666,6432.38375,0.76,0.76,15.597,55297000.0,1316950000.0,21416000.0,9070000.0,12.5887,141.44,149.18,,4836847000.0,0.805167,1.644,0.135065,0.32687,2005953000.0,,98653000.0,2017-06-30,1888398000.0,0.8748,0.242,0.194833,81635000.0,81635000.0,-1927212000.0,3004301000.0,0.75,0.0,0.0,0.0,31.2643,43.853,0.020103,509236000.0,590871000.0,0.359002,0.333413,0.060783,0.453623,0.287348,0.069363,5206000.0,0.239999,68747246480.0,0.5625,-0.0625,37.5602,31.8475,43.7735,14.44,46.3627,26.5568,10.534,7.5878,-0.072065,-0.020533,-0.3616,470811647.4,5788703000.0,0.864935,118228000.0,72966000.0,453834000.0,0.967367,4760883000.0,-0.01809,-87709000.0,-0.013319,1.3583,nm,1043000.0,,1.6995,1888398000.0,1888398000.0,0.194833,0.242,71790361480.0,553098000.0,-314432000.0,-87547000.0,644827000.0,-314432000.0,-87547000.0,644827000.0,248054000.0,-3043115000.0,374390000.0,374390000.0,0.53392,-0.060375,374390000.0,8712647.4,-3043115000.0,924108000.0,-0.003201,115836000.0,0.0,0.0,232663000.0,,279649000.0,0.0,383102647.4,0.503916,0.216175,-0.055661,3004301000.0,0.319434,-0.117123,11.661157,239360000.0,0.28444,1772190000.0,0.580495,0.146613,,,-14831000.0,5154000.0,,146058000.0,112296000.0,0.0,219232000.0,9.1992,49.7426,11.0003,45.9764,0.211258,-540199000.0,-55297000.0,299401000.0,0.168944,-644000.0,-300000000.0,,8652752000.0,0.267018,0.053842,-0.107336,0.10779,0.186292,0.186292,0.293628,0.296829,507949000.0,,156929000.0,0.088551,,3614563000.0,0.0,3.1207,0.760001,ADBE,13364900000.0,9692396000.0,7803998000.0,239360000.0,6052197000.0,3047896000.0,7803998000.0,7803998000.0,1532830000.0,18347000.0,1729000.0,5560902000.0,13364900000.0,6388595000.0,2513006000.0,1028748000.0,504082000.0,-11464000.0,0.0,492618000.0,1772190000.0,-5538849000.0,492600000.0,494371000.0,500351000.0
90327000.0,1006187000.0,932292000.0,,19428000.0,-98630000.0,11.005,7.947,,0.5255,0.690947,6432.38375,6942.41,0.85,0.85,16.3279,54238000.0,1774550000.0,162673000.0,25811000.0,12.7628,149.18,175.24,,4988552000.0,0.812135,1.6465,0.142809,0.356252,2136771000.0,,56754000.0,2017-09-30,1890000000.0,0.8063,0.2313,0.187865,82319000.0,82319000.0,-2003573000.0,3364913000.0,0.84,0.0,0.0,0.0,33.1667,45.9296,0.020518,559213000.0,641532000.0,0.406671,0.348455,0.08574,0.503059,0.303743,0.098141,8277000.0,0.224999,74113227880.0,0.555556,0.12,36.7354,31.6168,44.0787,15.7985,45.6246,26.7052,10.7359,7.8835,-0.214923,0.019241,-0.389,479870627.2,5820656000.0,0.857191,121810000.0,85024000.0,420667000.0,0.968109,4691166000.0,-0.011999,-56973000.0,-0.014644,1.4627,nm,104852000.0,,1.7008,1890000000.0,1890000000.0,0.187865,0.2313,77591713880.0,550093000.0,-218299000.0,-36814000.0,704436000.0,-218299000.0,-36814000.0,704436000.0,457600000.0,-3478486000.0,419569000.0,419569000.0,0.549437,0.120674,419569000.0,3328627.2,-3479268000.0,939809000.0,-0.001108,117524000.0,0.0,0.0,241116000.0,,276271000.0,0.0,422897627.2,0.506656,0.229702,0.103876,3364913000.0,0.360217,0.092442,12.987868,262922000.0,0.296389,1841074000.0,0.560802,0.159611,,,-22735000.0,13539000.0,,144626000.0,113632000.0,0.0,206384000.0,9.4966,48.738,11.2398,40.2215,0.227894,-410649000.0,-54238000.0,315555000.0,0.171397,-416000.0,-300000000.0,,9072321000.0,0.257593,0.038869,-0.131119,0.119754,0.20486,0.20486,0.335979,0.337087,428073000.0,,147402000.0,0.080063,,3593936000.0,0.0,3.8552,0.775001,ADBE,13906815000.0,10060434000.0,8170434000.0,262922000.0,6581057000.0,3216144000.0,8170434000.0,8170434000.0,1578152000.0,18809000.0,975000.0,5736381000.0,13906815000.0,6385949000.0,2521019000.0,1032478000.0,545674000.0,-4295000.0,0.0,541379000.0,1841074000.0,-5791809000.0,493600000.0,493426000.0,500398000.0
113538000.0,1217968000.0,993773000.0,,18686000.0,-111821000.0,10.0266,7.1199,,0.5362,0.649368,6942.41,7106.665714285715,1.01,1.01,16.8818,37684000.0,2306072000.0,185325000.0,9661000.0,14.8613,175.24,216.08,,5082256000.0,0.818067,1.6707,0.134991,0.386087,2405950000.0,,14196000.0,2017-12-31,1881421000.0,0.7435,0.2224,0.181933,81234000.0,81234000.0,-2099418000.0,3720356000.0,0.99,0.0,0.0,0.0,36.4032,51.2645,0.01883,659836000.0,741070000.0,0.336,0.369317,0.155157,0.395495,0.328834,0.179937,-2555000.0,0.220001,86023247960.0,0.2375,0.178571,39.0218,33.9947,49.0915,19.0253,50.0692,29.5323,11.7816,8.3292,-0.30522,0.12677,-0.4286,540703836.5,5821561000.0,0.865009,141463000.0,130619000.0,385658000.0,0.974503,4521516000.0,-0.007511,-34219000.0,-0.036164,1.6087,nm,669000.0,,1.7144,1881421000.0,1881421000.0,0.181933,0.2224,89961600960.0,574104000.0,-319509000.0,20366000.0,833220000.0,-319509000.0,20366000.0,833220000.0,531522000.0,-3938353000.0,501549000.0,501549000.0,0.255087,0.195391,501549000.0,4935836.5,-3938353000.0,936976000.0,-0.00145,119818000.0,0.0,0.0,261680000.0,0.0,279941000.0,,506484836.5,0.225627,0.25241,0.197654,3720356000.0,0.197842,0.182819,22.11071,270872000.0,0.323603,2006595000.0,0.541406,0.17633,,,-19546000.0,10496000.0,,143548000.0,125188000.0,0.0,210071000.0,10.6339,53.1075,12.321,39.9359,0.24995,-515849000.0,-37684000.0,324026000.0,0.161481,-632000.0,-300000000.0,,9573870000.0,0.247557,0.089905,-0.174642,0.134031,0.231422,0.231422,0.406064,0.407514,573899000.0,,169567000.0,0.084505,,3513702000.0,0.0,4.4952,0.779999,ADBE,14535556000.0,10341290000.0,8459869000.0,270872000.0,7247813000.0,3527457000.0,8459869000.0,8459869000.0,1735723000.0,19116000.0,2292000.0,6075687000.0,14535556000.0,6350767000.0,2548230000.0,1086383000.0,649340000.0,-6328000.0,0.0,643012000.0,2006595000.0,-6084436000.0,493900000.0,493632000.0,501123000.0
