accountspayable,accountsreceivable,accruedexpenses,acquisitions,amortizationexpense,aoci,apturnover,arturnover,assetturnover,augmentedpayoutratio,baseline_price,baseline_price_next_quarter,basicdilutedeps,basiceps,bookvaluepershare,capex,cashandequivalents,cashdividendspershare,cashincometaxespaid,cashinterestpaid,ccc,close_price,close_price_next_quarter,commitmentsandcontingencies,commonequity,commontocap,compoundleveragefactor,costofrevtorevenue,croic,currentdeferredrevenue,currentdeferredtaxassets,currentdeferredtaxliabilities,currentemployeebenefitliabilities,date,debt,debttoebitda,debttoequity,debttototalcapital,depreciationandamortization,depreciationexpense,dfcfnwc,dfnwc,dilutedeps,dio,divestitures,dividendyield,divpayoutratio,dpo,dso,earningsyield,ebit,ebitda,ebitdagrowth,ebitdamargin,ebitdaqoqgrowth,ebitgrowth,ebitmargin,ebitqoqgrowth,effectofexchangeratechanges,efftaxrate,enterprisevalue,epsgrowth,epsqoqgrowth,evtoebit,evtoebitda,evtofcff,evtoinvestedcapital,evtonopat,evtoocf,evtorevenue,faturnover,fcffgrowth,fcffqoqgrowth,finleverage,freecashflow,goodwill,grossmargin,incometaxexpense,increasedecreaseinoperatingcapital,intangibleassets,interestburdenpct,investedcapital,investedcapitalgrowth,investedcapitalincreasedecrease,investedcapitalqoqgrowth,investedcapitalturnover,invturnover,issuanceofcommonequity,issuanceofdebt,leverageratio,longtermdebt,longterminvestments,ltdebtandcapleases,ltdebttocap,ltdebttoequity,marketcap,netcashfromcontinuingfinancingactivities,netcashfromcontinuinginvestingactivities,netcashfromcontinuingoperatingactivities,netcashfromfinancingactivities,netcashfrominvestingactivities,netcashfromoperatingactivities,netchangeincash,netdebt,netincome,netincomecontinuing,netincomegrowth,netincomeqoqgrowth,netincometocommon,netinventory,netnonopex,netnonopobligations,netppe,nnep,noncashadjustmentstonetincome,noncontrolinttocap,noncontrollinginterestsharingratio,noncurrentdeferredtaxliabilities,nopat,nopatgrowth,nopatmargin,nopatqoqgrowth,nwc,ocfgrowth,ocfqoqgrowth,ocftocapex,operatingcostofrevenue,operatingmargin,operatingrevenue,opextorevenue,oroa,othercurrentassets,othercurrentliabilities,othercurrentnonoperatingassets,othercurrentnonoperatingliabilities,otherfinancingactivitiesnet,otherincome,otherinvestingactivitiesnet,othernoncurrentassets,othernoncurrentliabilities,paymentofdividends,preferredtocap,pricetobook,pricetoearnings,pricetorevenue,pricetotangiblebook,profitmargin,purchaseofinvestments,purchaseofplantpropertyandequipment,rdexpense,rdextorevenue,redeemablenoncontrollinginterest,repaymentofdebt,repurchaseofcommonequity,restructuringcharge,retainedearnings,revenuegrowth,revenueqoqgrowth,rnnoa,roa,roce,roe,roic,roicnnepspread,saleofinvestments,sgaexpense,sgaextorevenue,shorttermdebt,shortterminvestments,stdebttocap,tangbookvaluepershare,taxburdenpct,ticker,totalassets,totalcapital,totalcommonequity,totalcostofrevenue,totalcurrentassets,totalcurrentliabilities,totalequity,totalequityandnoncontrollinginterests,totalgrossprofit,totalinterestexpense,totalinterestincome,totalliabilities,totalliabilitiesandequity,totalnoncurrentassets,totalnoncurrentliabilities,totaloperatingexpenses,totaloperatingincome,totalotherincome,totalpreferredequity,totalpretaxincome,totalrevenue,weightedavebasicdilutedsharesos,weightedavebasicsharesos,weightedavedilutedsharesos
,,,0.0,62000000.0,,nm,nm,nm,nm,1537.69,1810.0442857142855,0.11,0.11,nm,1509000000.0,,0.28,184000000.0,3000000.0,nm,11.2546187245979,12.5001738282559,,,nm,nm,0.546816,nm,,,,,2009-03-31,nm,nm,nm,nm,1270000000.0,1208000000.0,nm,nm,0.11,nm,,0.059565,nm,nm,nm,nm,647000000.0,1917000000.0,nm,0.2683,nm,nm,0.090553,nm,,0.0,nm,nm,nm,nm,nm,nm,nm,nm,nm,nm,nm,nm,nm,nm,nm,,0.453184,0.0,-1943000000.0,,0.972179,nm,nm,nm,nm,nm,nm,247000000.0,,nm,,,nm,nm,nm,86876280000.0,-601000000.0,409000000.0,378000000.0,-601000000.0,409000000.0,378000000.0,186000000.0,nm,629000000.0,629000000.0,nm,nm,629000000.0,,18000000.0,nm,,nm,422000000.0,nm,nm,,647000000.0,nm,0.090553,nm,nm,nm,-0.854391,0.250497,3907000000.0,0.090553,7145000000.0,0.362631,nm,,,,,0.0,,17000000.0,,,-779000000.0,nm,nm,nm,nm,nm,0.088034,-946000000.0,-1509000000.0,1317000000.0,0.184325,,-69000000.0,0.0,74000000.0,,nm,nm,nm,nm,nm,nm,nm,nm,2847000000.0,1198000000.0,0.16767,,,nm,nm,1.0,INTC,,nm,,3907000000.0,,,,,3238000000.0,-95000000.0,-113000000.0,,,,,2591000000.0,647000000.0,-18000000.0,,629000000.0,7145000000.0,5718200000.0,5573000000.0,5634000000.0
1726000000.0,1938000000.0,718000000.0,,75000000.0,-153000000.0,nm,nm,nm,nm,1810.0442857142855,2123.9362499999997,-0.07,-0.07,6.9789,981000000.0,3826000000.0,0.0,94000000.0,,nm,12.5001738282559,14.8908946973258,,13995000000.0,0.970232,5.2353,0.49165,nm,480000000.0,1217000000.0,,1412000000.0,2009-06-30,1198000000.0,nm,0.0307,0.029768,1286000000.0,1211000000.0,-212000000.0,11412000000.0,-0.07,nm,,0.045541,nm,nm,nm,nm,-12000000.0,1274000000.0,nm,0.158774,-0.33542,-1.005322,-0.001496,-1.018547,,-6.96,77201550000.0,-1.25,-1.636364,nm,nm,nm,3.075,nm,8.0043,nm,nm,nm,nm,-0.357,nm,3932000000.0,0.50835,348000000.0,2053000000.0,,4.166667,25106000000.0,nm,nm,nm,nm,nm,1000000.0,,1.2565,1174000000.0,3515000000.0,1174000000.0,0.029171,0.0301,91142550000.0,-869000000.0,-2225000000.0,3384000000.0,-869000000.0,-2225000000.0,3384000000.0,290000000.0,-13941000000.0,-398000000.0,-398000000.0,-1.248595,-1.63275,-398000000.0,2805000000.0,302480000.0,-13941000000.0,17515000000.0,-0.021697,443000000.0,0.0,nm,556000000.0,-95520000.0,-1.061197,-0.011904,-1.147635,11388000000.0,nm,7.952381,3.449541,3945000000.0,-0.001496,8024000000.0,0.509845,nm,883000000.0,2719000000.0,,,,,-232000000.0,5632000000.0,1205000000.0,-784000000.0,0.0,2.3342,nm,nm,2.5955,-0.049601,-3012000000.0,-981000000.0,1303000000.0,0.162388,,-7000000.0,-79000000.0,91000000.0,25205000000.0,-0.152693,0.123023,nm,nm,nm,nm,nm,nm,2000000000.0,2695000000.0,0.335867,24000000.0,7798000000.0,0.000596,6.2761,7.96,INTC,49061000000.0,40245000000.0,39047000000.0,3945000000.0,18467000000.0,7079000000.0,39047000000.0,39047000000.0,4079000000.0,-31000000.0,-69000000.0,10014000000.0,49061000000.0,13079000000.0,2935000000.0,4091000000.0,-12000000.0,-38000000.0,0.0,-50000000.0,8024000000.0,5685700000.0,5595000000.0,5595000000.0
1907000000.0,2025000000.0,763000000.0,-853000000.0,82000000.0,233000000.0,nm,nm,nm,nm,2123.9362499999997,2273.19625,0.34,0.34,6.9503,944000000.0,4109000000.0,0.28,-226000000.0,1000000.0,nm,14.8908946973258,15.6393436196421,,14763000000.0,0.946094,1.2827,0.424433,nm,602000000.0,1260000000.0,471000000.0,1758000000.0,2009-09-30,2224000000.0,nm,0.057,0.053906,1235000000.0,1153000000.0,-1409000000.0,11521000000.0,0.33,nm,,0.038022,nm,nm,nm,nm,2579000000.0,3814000000.0,-0.097278,0.40622,1.993721,-0.167527,0.274683,215.916667,,0.266983,93698920000.0,-0.057143,5.714286,nm,nm,nm,3.9123,nm,9.0434,nm,nm,nm,nm,-0.3864,nm,4421000000.0,0.575567,676000000.0,502000000.0,,0.981776,23950000000.0,nm,nm,-0.046045,nm,nm,119000000.0,1980000000.0,1.3065,2201000000.0,4377000000.0,2201000000.0,0.053349,0.0564,108781920000.0,-340000000.0,-3380000000.0,4003000000.0,-340000000.0,-3380000000.0,4003000000.0,283000000.0,-15083000000.0,1856000000.0,1856000000.0,-0.078451,5.663317,1856000000.0,2490000000.0,34451816.7,-15083000000.0,17354000000.0,-0.002284,410000000.0,0.0,nm,386000000.0,1890451816.7,-0.141636,0.201348,20.791162,11498000000.0,0.217828,0.18292,4.240466,3985000000.0,0.274683,9389000000.0,0.300884,nm,542000000.0,2225000000.0,,,6000000.0,,40000000.0,5597000000.0,1627000000.0,-771000000.0,0.0,2.7869,nm,nm,3.1429,0.197678,-4087000000.0,-944000000.0,1430000000.0,0.152306,,-1000000.0,-1673000000.0,63000000.0,24037000000.0,-0.081041,0.170115,nm,nm,nm,nm,nm,nm,2464000000.0,1320000000.0,0.14059,23000000.0,8821000000.0,0.000557,6.1631,0.733017,INTC,50996000000.0,41257000000.0,39033000000.0,3985000000.0,19247000000.0,7749000000.0,39033000000.0,39033000000.0,5404000000.0,-32000000.0,-79000000.0,11963000000.0,50996000000.0,14395000000.0,4214000000.0,2825000000.0,2579000000.0,-47000000.0,0.0,2532000000.0,9389000000.0,5458800000.0,5537000000.0,5616000000.0
1883000000.0,2273000000.0,773000000.0,,89000000.0,393000000.0,7.2857,17.6296,0.6783,1.114672,2273.19625,2401.8687499999996,-0.38,0.41,7.3878,1081000000.0,3987000000.0,-0.56,891000000.0,,48.9124,15.6393436196421,17.2250411688191,,14993000000.0,0.949437,1.3237,0.352824,0.200988,593000000.0,1216000000.0,,2448000000.0,2009-12-31,2221000000.0,0.2064,0.0533,0.050563,1261000000.0,1172000000.0,-182000000.0,13738000000.0,0.4,78.3064,,0.044941,0.711376,50.0978,20.7038,0.03807,2497000000.0,3758000000.0,nm,0.355568,-0.014683,nm,0.236257,-0.031795,,0.119938,98111850000.0,nm,0.212121,17.1795,9.1157,nm,3.9162,22.4288,8.7835,2.7931,2.0189,nm,nm,-0.3993,nm,4421000000.0,0.647176,311000000.0,-281000000.0,,1.038446,25053000000.0,nm,nm,0.046054,1.4021,4.6612,33000000.0,,1.2747,2049000000.0,4952000000.0,2049000000.0,0.046648,0.0491,114762850000.0,-758000000.0,-2769000000.0,3405000000.0,-758000000.0,-2769000000.0,3405000000.0,-122000000.0,-16651000000.0,2282000000.0,2282000000.0,nm,0.229526,2282000000.0,2935000000.0,-84485923.6,-16651000000.0,17225000000.0,0.005074,143000000.0,0.0,0.0,748000000.0,2197514076.4,nm,0.207921,0.162428,13566000000.0,0.311633,-0.149388,3.149861,3729000000.0,0.236257,10569000000.0,0.410919,0.160263,813000000.0,1722000000.0,,,3000000.0,,-79000000.0,5340000000.0,1003000000.0,-774000000.0,0.0,2.7518,26.2675,3.2671,3.0782,0.215914,-5046000000.0,-1081000000.0,1603000000.0,0.15167,,-10000000.0,-10000000.0,3000000.0,26318000000.0,nm,0.125679,-0.114371,0.146464,0.177156,0.177156,0.291527,0.286453,3437000000.0,2718000000.0,0.257167,172000000.0,9933000000.0,0.003916,6.6046,0.880062,INTC,53095000000.0,43925000000.0,41704000000.0,3729000000.0,21157000000.0,7591000000.0,41704000000.0,41704000000.0,6840000000.0,-5000000.0,91000000.0,11391000000.0,53095000000.0,14713000000.0,3800000000.0,4343000000.0,2497000000.0,96000000.0,0.0,2593000000.0,10569000000.0,,5557000000.0,5645000000.0
1912000000.0,2192000000.0,843000000.0,-37000000.0,61000000.0,414000000.0,8.0696,17.464,0.6864,0.802976,2401.8687499999996,2213.88625,0.44,0.44,7.5515,928000000.0,4988000000.0,0.315,127000000.0,0.0,46.3075,17.2250411688191,15.137141311045,,15466000000.0,0.947396,1.2993,0.366055,nm,653000000.0,1423000000.0,916000000.0,1377000000.0,2010-03-31,2382000000.0,0.1773,0.0555,0.052604,1141000000.0,1080000000.0,-1200000000.0,15142000000.0,0.43,70.6391,0.0,0.041775,0.51747,45.2317,20.9002,0.048929,3448000000.0,4589000000.0,1.393845,0.445577,0.221128,4.329212,0.33479,0.380857,0.0,0.291352,1.0713344e+11,2.909091,0.075,12.5862,7.9742,nm,4.5227,17.3482,7.2042,2.7986,2.2481,nm,nm,-0.4478,nm,4452000000.0,0.633945,1004000000.0,186000000.0,,0.99942,23688000000.0,nm,nm,-0.054484,1.6161,5.1671,228000000.0,158000000.0,1.3001,2052000000.0,5252000000.0,2052000000.0,0.045316,0.0478,126345440000.0,-406000000.0,-2672000000.0,4079000000.0,-406000000.0,-2672000000.0,4079000000.0,1001000000.0,-19212000000.0,2442000000.0,2442000000.0,2.882353,0.070114,2442000000.0,2986000000.0,1417295.4,-19212000000.0,17028000000.0,-7.4e-05,310000000.0,0.0,0.0,881000000.0,2443417295.4,2.776534,0.237248,0.111901,14812000000.0,9.791005,0.197944,4.395474,3770000000.0,0.33479,10299000000.0,0.299155,0.22979,781000000.0,2881000000.0,,,81000000.0,,-245000000.0,5317000000.0,1028000000.0,-870000000.0,0.0,2.9451,20.4376,3.3005,3.2861,0.23711,-5701000000.0,-928000000.0,1564000000.0,0.151859,,,-3000000.0,,27020000000.0,0.441428,-0.025546,-0.171734,0.162746,0.211671,0.211671,0.383405,0.383479,4239000000.0,1514000000.0,0.147005,330000000.0,11354000000.0,0.007288,6.7678,0.708648,INTC,55773000000.0,45282000000.0,42900000000.0,3770000000.0,23724000000.0,8912000000.0,42900000000.0,42900000000.0,6529000000.0,-29000000.0,-31000000.0,12873000000.0,55773000000.0,15021000000.0,3961000000.0,3081000000.0,3448000000.0,-2000000.0,0.0,3446000000.0,10299000000.0,5550000000.0,5529000000.0,5681000000.0
2126000000.0,2430000000.0,958000000.0,-33000000.0,63000000.0,231000000.0,7.7954,18.783,0.7685,0.548643,2213.88625,2360.2855555555557,,0.52,8.0268,1048000000.0,5514000000.0,0.0,2232000000.0,,47.3654,15.137141311045,15.0561054948902,,15741000000.0,0.952758,1.322,0.327915,nm,582000000.0,1206000000.0,0.0,1962000000.0,2010-06-30,2273000000.0,0.1315,0.0496,0.047242,1149000000.0,1086000000.0,439000000.0,18742000000.0,0.51,74.7552,,0.038192,0.347734,46.8223,19.4325,0.082749,3981000000.0,5130000000.0,3.026688,0.476544,0.117891,332.75,0.36981,0.154582,,0.310155,93512607500.0,8.285714,0.186047,7.478,5.4082,nm,3.7483,10.076,6.2454,2.2796,2.3808,nm,nm,-0.4104,2904271684.6,4481000000.0,0.672085,1298000000.0,-512000000.0,,1.051243,24948000000.0,-0.006293,-158000000.0,0.053191,1.6391,4.8826,158000000.0,-115000000.0,1.2576,2058000000.0,4863000000.0,2058000000.0,0.042773,0.0449,114405607500.0,-990000000.0,-1970000000.0,3486000000.0,-990000000.0,-1970000000.0,3486000000.0,526000000.0,-20893000000.0,2887000000.0,2887000000.0,8.253769,0.182228,2887000000.0,3345000000.0,-140728315.4,-20893000000.0,16946000000.0,0.00808,-38000000.0,0.0,0.0,760000000.0,2746271684.6,29.75075,0.255111,0.123947,18527000000.0,0.030142,-0.145379,3.326336,3530000000.0,0.36981,10765000000.0,0.302276,0.284216,1180000000.0,2094000000.0,,,60000000.0,,-160000000.0,4937000000.0,1095000000.0,-877000000.0,0.0,2.4957,12.0847,2.7889,2.7661,0.268184,-6122000000.0,-1048000000.0,1666000000.0,0.154761,,,-216000000.0,,29869000000.0,0.3416,0.045247,-0.168275,0.206112,0.24988,0.24988,0.418155,0.410075,5393000000.0,1584000000.0,0.147144,215000000.0,12789000000.0,0.004469,7.2422,0.689845,INTC,57691000000.0,48114000000.0,45841000000.0,3530000000.0,26464000000.0,7937000000.0,45841000000.0,45841000000.0,7235000000.0,-11000000.0,193000000.0,11850000000.0,57691000000.0,14281000000.0,3913000000.0,3254000000.0,3981000000.0,204000000.0,0.0,4185000000.0,10765000000.0,,5563000000.0,5711000000.0
1903000000.0,2911000000.0,1017000000.0,,56000000.0,531000000.0,7.7743,17.3156,0.766,0.343555,2360.2855555555557,2664.7025,,0.53,8.3765,1362000000.0,5517000000.0,0.315,1134000000.0,,46.994,15.0561054948902,16.6179645067374,,16096000000.0,0.953386,1.3224,0.340569,nm,626000000.0,1233000000.0,0.0,2270000000.0,2010-09-30,2332000000.0,0.1243,0.0489,0.046614,1142000000.0,1086000000.0,171000000.0,20921000000.0,0.52,72.8644,,0.049442,0.321598,46.9497,21.0792,0.095541,4136000000.0,5278000000.0,0.383849,0.47541,0.02885,0.603722,0.372545,0.038935,,0.304869,87637715000.0,0.575758,0.019608,6.2322,4.6728,nm,3.5421,8.5379,6.0245,2.0507,2.4743,nm,-0.28276,-0.4386,2083059985.9,4481000000.0,0.659431,1296000000.0,-676000000.0,,1.027805,24742000000.0,0.033069,792000000.0,-0.008257,1.7553,5.0093,149000000.0,81000000.0,1.2866,2073000000.0,4536000000.0,2073000000.0,0.041437,0.0435,110591715000.0,-649000000.0,-2925000000.0,3577000000.0,-649000000.0,-2925000000.0,3577000000.0,3000000.0,-22954000000.0,2955000000.0,2955000000.0,0.592134,0.023554,2955000000.0,3423000000.0,-79940014.1,-22954000000.0,17189000000.0,0.004203,156000000.0,0.0,0.0,855000000.0,2875059985.9,0.520832,0.258968,0.046896,20662000000.0,-0.10642,0.026104,2.626285,3781000000.0,0.372545,11102000000.0,0.286885,0.285359,1182000000.0,2762000000.0,,,1000000.0,,191000000.0,4883000000.0,1127000000.0,-877000000.0,0.0,2.3187,10.4668,2.5878,2.5591,0.266168,-7015000000.0,-1362000000.0,1675000000.0,0.150874,,,-3000000.0,,31069000000.0,0.182448,0.031305,-0.197519,0.203877,0.257052,0.257052,0.454571,0.450368,5261000000.0,1506000000.0,0.135651,259000000.0,15233000000.0,0.005177,7.5896,0.695131,INTC,60588000000.0,50028000000.0,47696000000.0,3781000000.0,29499000000.0,8837000000.0,47696000000.0,47696000000.0,7321000000.0,-38000000.0,77000000.0,12892000000.0,60588000000.0,13900000000.0,4055000000.0,3185000000.0,4136000000.0,115000000.0,0.0,4251000000.0,11102000000.0,,5575000000.0,5694000000.0
2290000000.0,2867000000.0,1007000000.0,-148000000.0,60000000.0,333000000.0,7.2523,16.9739,0.7503,0.456996,2664.7025,2733.241111111111,1.62,0.57,8.678,1869000000.0,5498000000.0,,1134000000.0,,51.884,16.6179645067374,16.080249867351,0.0,16178000000.0,0.958968,1.3203,0.353583,0.416917,747000000.0,1488000000.0,,2888000000.0,2010-12-31,2115000000.0,0.1046,0.0428,0.041032,1206000000.0,1146000000.0,437000000.0,22322000000.0,0.55,80.7091,,0.046786,0.305565,50.3286,21.5036,0.096576,4023000000.0,5229000000.0,0.391432,0.456402,-0.009284,0.611133,0.351139,-0.027321,,0.236128,94900640000.0,0.375,0.057692,6.0881,4.692,8.983,3.7033,8.5208,5.6854,2.1755,2.4839,nm,0.200185,-0.4439,2500057890.9,4531000000.0,0.646417,983000000.0,1088000000.0,860000000.0,1.0348,25626000000.0,0.022872,573000000.0,0.035729,1.7215,4.5224,52000000.0,-101000000.0,1.2759,2077000000.0,4034000000.0,2077000000.0,0.040295,0.042,118704640000.0,-2597000000.0,-2958000000.0,5550000000.0,-2597000000.0,-2972000000.0,5550000000.0,-19000000.0,-23804000000.0,3180000000.0,3180000000.0,0.393514,0.076142,3180000000.0,3757000000.0,-106942109.1,-23804000000.0,17899000000.0,0.005287,76000000.0,0.0,0.0,926000000.0,3073057890.9,0.398425,0.268225,0.068867,22284000000.0,0.629956,0.55158,2.969502,4051000000.0,0.351139,11457000000.0,0.295278,0.263461,1614000000.0,2357000000.0,,,2000000.0,,-52000000.0,4251000000.0,1426000000.0,-879000000.0,0.0,2.4015,10.3546,2.7211,2.6954,0.27756,-8174000000.0,-1869000000.0,1671000000.0,0.14585,,-157000000.0,-1514000000.0,,32919000000.0,0.084019,0.031976,-0.202632,0.208254,0.259129,0.259129,0.461761,0.456474,7285000000.0,1705000000.0,0.148817,38000000.0,16387000000.0,0.000737,7.7316,0.763872,INTC,63186000000.0,51545000000.0,49430000000.0,4051000000.0,31611000000.0,9327000000.0,49430000000.0,49430000000.0,7406000000.0,-31000000.0,109000000.0,13756000000.0,63186000000.0,13676000000.0,4429000000.0,3383000000.0,4023000000.0,140000000.0,0.0,4163000000.0,11457000000.0,5565000000.0,5555000000.0,5696000000.0
2757000000.0,3542000000.0,1055000000.0,-8216000000.0,155000000.0,481000000.0,6.9925,16.1043,0.7611,0.768839,2733.241111111111,2695.2611111111114,,0.58,8.4461,2723000000.0,4188000000.0,0.3624,269000000.0,0.0,49.6753,16.080249867351,17.7941493106659,,16271000000.0,0.956816,1.4132,0.386238,0.024767,1813000000.0,1906000000.0,729000000.0,1536000000.0,2011-03-31,2137000000.0,0.1006,0.0451,0.043184,1442000000.0,1287000000.0,-694000000.0,11284000000.0,0.56,79.2093,50000000.0,0.041622,0.297734,52.1988,22.6648,0.110194,4158000000.0,5600000000.0,0.220309,0.435899,0.07095,0.205916,0.323655,0.033557,9000000.0,0.277053,97866320000.0,0.302326,0.018182,6.0048,4.6083,135.4361,2.8232,8.3649,5.8863,2.1196,2.5239,nm,-4.188321,-0.3534,-7970987645.8,9069000000.0,0.613762,1211000000.0,-696000000.0,6872000000.0,1.051227,34665000000.0,0.463399,10977000000.0,0.352728,1.5825,4.608,239000000.0,16000000.0,1.3443,2083000000.0,2843000000.0,2083000000.0,0.042093,0.044,110550320000.0,-4688000000.0,-644000000.0,4013000000.0,-4688000000.0,-644000000.0,4013000000.0,-1310000000.0,-12684000000.0,3160000000.0,3160000000.0,0.294021,-0.006289,3160000000.0,4099000000.0,-153987645.8,-12684000000.0,19559000000.0,0.009656,107000000.0,0.0,0.0,2050000000.0,3006012354.2,0.230249,0.233986,-0.021817,11230000000.0,-0.01618,-0.276937,1.473742,4962000000.0,0.323655,12847000000.0,0.290107,0.246338,1270000000.0,3621000000.0,,,57000000.0,,133000000.0,4414000000.0,2505000000.0,-994000000.0,0.0,2.3348,9.0749,2.3944,3.5198,0.245972,-5256000000.0,-2723000000.0,1916000000.0,0.14914,,0.0,-4006000000.0,,30597000000.0,0.247403,0.121323,-0.127451,0.187212,0.242825,0.242825,0.370276,0.36062,15368000000.0,1775000000.0,0.138165,54000000.0,7790000000.0,0.001091,5.6026,0.722947,INTC,65552000000.0,49486000000.0,47349000000.0,4962000000.0,22795000000.0,11565000000.0,47349000000.0,47349000000.0,7885000000.0,-185000000.0,28000000.0,18203000000.0,65552000000.0,23198000000.0,6638000000.0,3727000000.0,4158000000.0,213000000.0,0.0,4371000000.0,12847000000.0,,5452000000.0,5606000000.0
2742000000.0,3359000000.0,1086000000.0,-75000000.0,256000000.0,466000000.0,7.364,16.7345,0.7826,0.931341,2695.2611111111114,2502.065555555556,,0.56,8.9548,2484000000.0,4635000000.0,0.0,2327000000.0,,47.3372,17.7941493106659,17.2966409635937,,16245000000.0,0.957531,1.3076,0.393646,-0.019102,1824000000.0,1973000000.0,,2111000000.0,2011-06-30,2161000000.0,0.1003,0.0444,0.042469,1504000000.0,1248000000.0,1272000000.0,12819000000.0,0.54,75.0914,,0.046166,0.302964,49.5654,21.8112,0.099922,3935000000.0,5439000000.0,0.060234,0.417357,-0.02875,-0.011555,0.301949,-0.053632,4000000.0,0.248537,1.1131573e+11,0.058824,-0.035714,6.8494,5.1664,nm,2.9721,9.3472,6.5055,2.2981,2.568,-4.287569,-0.197843,-0.3401,-9547994149.1,9141000000.0,0.606354,977000000.0,-749000000.0,6700000000.0,0.998983,37453000000.0,0.501243,12505000000.0,0.080427,1.5525,4.8607,348000000.0,17000000.0,1.309,2090000000.0,1884000000.0,2090000000.0,0.041074,0.0429,122585730000.0,-2745000000.0,-783000000.0,3971000000.0,-2745000000.0,-783000000.0,3971000000.0,447000000.0,-11270000000.0,2954000000.0,2954000000.0,0.023207,-0.06519,2954000000.0,4030000000.0,3005850.9,-11270000000.0,20778000000.0,-0.000187,262000000.0,0.0,0.0,2403000000.0,2957005850.9,0.076735,0.226903,-0.016303,12748000000.0,0.139128,-0.010466,1.598631,5130000000.0,0.301949,13032000000.0,0.304405,0.236319,2193000000.0,2520000000.0,,,25000000.0,,4000000.0,4484000000.0,2519000000.0,-961000000.0,0.0,2.516,10.0078,2.5308,3.728,0.226673,-4072000000.0,-2484000000.0,1986000000.0,0.152394,,,-2174000000.0,,32012000000.0,0.21059,0.0144,-0.119875,0.177405,0.232387,0.232387,0.352262,0.352449,5844000000.0,1905000000.0,0.146179,71000000.0,6912000000.0,0.001395,6.0434,0.751463,INTC,66089000000.0,50884000000.0,48723000000.0,5130000000.0,23102000000.0,10354000000.0,48723000000.0,48723000000.0,7902000000.0,-21000000.0,-25000000.0,17366000000.0,66089000000.0,22209000000.0,7012000000.0,3967000000.0,3935000000.0,-4000000.0,0.0,3931000000.0,13032000000.0,,5294000000.0,5441000000.0
2999000000.0,3821000000.0,1215000000.0,-186000000.0,256000000.0,-32000000.0,7.898,15.3206,0.7865,1.225278,2502.065555555556,2604.3042857142855,0.67,0.67,8.6361,2713000000.0,7057000000.0,0.42,174000000.0,,47.2047,17.2966409635937,19.8304824331107,0.0,16247000000.0,0.865901,1.4291,0.366402,0.015684,1917000000.0,2011000000.0,,2270000000.0,2011-09-30,7142000000.0,0.3163,0.1549,0.134099,1529000000.0,1273000000.0,-343000000.0,14855000000.0,0.65,69.5947,,0.051317,0.308416,46.2142,23.8242,0.112017,4785000000.0,6314000000.0,0.196286,0.443617,0.160875,0.156915,0.336191,0.21601,-3000000.0,0.291087,1.044989e+11,0.25,0.203704,6.183,4.6275,216.9292,2.8484,8.4092,5.2557,2.0264,2.6213,-5.105908,0.104225,-0.3452,-8552853638.6,9138000000.0,0.633598,1424000000.0,1196000000.0,6445000000.0,1.022362,36687000000.0,0.482782,11945000000.0,-0.020452,1.679,5.2446,338000000.0,4957000000.0,1.3979,7076000000.0,1374000000.0,7076000000.0,0.13286,0.1534,113928900000.0,183000000.0,-4107000000.0,6349000000.0,183000000.0,-4107000000.0,6349000000.0,2422000000.0,-9430000000.0,3468000000.0,3468000000.0,0.173604,0.174001,3468000000.0,3959000000.0,-75853638.6,-9430000000.0,22157000000.0,0.004685,156000000.0,0.0,0.0,2954000000.0,3392146361.4,0.179852,0.23833,0.147156,14789000000.0,0.774951,0.598842,2.340214,5215000000.0,0.336191,14233000000.0,0.297407,0.264407,1709000000.0,3442000000.0,,,2000000.0,,-91000000.0,4739000000.0,2495000000.0,-1102000000.0,0.0,2.4704,8.9272,2.2093,3.7312,0.243659,-5462000000.0,-2713000000.0,2140000000.0,0.150355,,-5000000.0,-4007000000.0,,29902000000.0,0.282021,0.092158,-0.136514,0.191633,0.263637,0.263637,0.400151,0.395466,4345000000.0,2017000000.0,0.141713,66000000.0,8141000000.0,0.001239,5.718,0.708913,INTC,70551000000.0,53259000000.0,46117000000.0,5215000000.0,26698000000.0,11909000000.0,46117000000.0,46117000000.0,9018000000.0,-15000000.0,92000000.0,24434000000.0,70551000000.0,21696000000.0,12525000000.0,4233000000.0,4785000000.0,107000000.0,0.0,4892000000.0,14233000000.0,5176100000.0,5194000000.0,5340000000.0
2956000000.0,3650000000.0,1134000000.0,-244000000.0,256000000.0,-781000000.0,7.7171,16.5717,0.8041,1.426905,2604.3042857142855,3092.6712500000003,1.79,0.65,8.4848,2844000000.0,5065000000.0,,568000000.0,,45.5299,19.8304824331107,23.1716516693107,0.0,17036000000.0,0.862308,1.405,0.355368,0.04451,1929000000.0,1700000000.0,,2948000000.0,2011-12-31,7331000000.0,0.3114,0.1597,0.137692,1589000000.0,1333000000.0,-746000000.0,14091000000.0,0.64,70.8019,,0.039456,0.318884,47.2975,22.0255,0.098631,4599000000.0,6188000000.0,0.1834,0.445597,-0.019956,0.143177,0.331173,-0.038871,-5000000.0,0.267495,1.2225975e+11,0.163636,-0.015385,6.9955,5.1935,87.7841,3.3084,9.6111,5.8322,2.2641,2.6007,-4.18361,0.069409,-0.3436,-7959209941.1,9254000000.0,0.644632,1227000000.0,1466000000.0,6267000000.0,0.997391,36954000000.0,0.442051,11328000000.0,0.007278,1.7258,5.1552,1120000000.0,181000000.0,1.4087,7084000000.0,1451000000.0,7084000000.0,0.133053,0.1543,131216750000.0,-3850000000.0,-4767000000.0,6630000000.0,-3850000000.0,-4767000000.0,6630000000.0,-1992000000.0,-8957000000.0,3360000000.0,3360000000.0,0.056604,-0.031142,3360000000.0,4096000000.0,8790058.9,-8957000000.0,23627000000.0,-0.000537,215000000.0,0.0,0.0,2617000000.0,3368790058.9,0.096234,0.242586,-0.006885,13844000000.0,0.194595,0.044259,2.331224,4935000000.0,0.331173,13887000000.0,0.313459,0.266305,1589000000.0,2814000000.0,,,77000000.0,,52000000.0,4648000000.0,3479000000.0,-1070000000.0,0.0,2.8581,10.1388,2.43,4.3178,0.241953,-8447000000.0,-2844000000.0,2308000000.0,0.166199,,-5000000.0,-4153000000.0,,29656000000.0,0.212097,-0.02431,-0.144039,0.19456,0.274606,0.274606,0.418645,0.419181,6716000000.0,1973000000.0,0.142075,247000000.0,9772000000.0,0.004639,5.6163,0.732505,INTC,71119000000.0,53242000000.0,45911000000.0,4935000000.0,25872000000.0,12028000000.0,45911000000.0,45911000000.0,8952000000.0,29000000.0,17000000.0,25208000000.0,71119000000.0,21620000000.0,13180000000.0,4353000000.0,4599000000.0,-12000000.0,0.0,4587000000.0,13887000000.0,5261000000.0,5256000000.0,5411000000.0
2993000000.0,4037000000.0,1095000000.0,-176000000.0,266000000.0,-604000000.0,6.929,14.2652,0.787,1.280751,3092.6712500000003,2879.0075,0.55,0.55,9.0062,2974000000.0,4429000000.0,0.42,376000000.0,9000000.0,51.5862,23.1716516693107,22.1257385180709,0.0,18381000000.0,0.862571,1.4612,0.3596,0.216136,2001000000.0,1794000000.0,,1498000000.0,2012-03-31,7450000000.0,0.3165,0.1593,0.137429,1785000000.0,1519000000.0,89000000.0,13842000000.0,0.53,78.6763,,0.035005,0.334026,52.6768,25.5867,0.085769,3810000000.0,5595000000.0,-0.000893,0.433519,-0.095831,-0.083694,0.295212,-0.171559,-2000000.0,0.282119,1.3835308e+11,-0.053571,-0.171875,8.0771,5.8784,17.3463,3.5348,11.1119,6.9447,2.5593,2.4249,0.781724,0.781401,-0.2157,-1739871526.0,9388000000.0,0.6404,1076000000.0,-1825000000.0,6064000000.0,1.00105,39140000000.0,0.129093,4475000000.0,0.059155,1.4649,4.6393,1244000000.0,115000000.0,1.4597,7088000000.0,1317000000.0,7088000000.0,0.130751,0.1516,145973080000.0,-1495000000.0,-2108000000.0,2972000000.0,-1495000000.0,-2111000000.0,2972000000.0,-636000000.0,-7620000000.0,2738000000.0,2738000000.0,-0.133544,-0.185119,2738000000.0,4489000000.0,-2871526.0,-7620000000.0,25027000000.0,0.000283,274000000.0,0.0,0.0,2793000000.0,2735128474.0,-0.090114,0.211927,-0.188098,13480000000.0,-0.259407,-0.551735,0.999328,4641000000.0,0.295212,12906000000.0,0.345188,0.232346,1348000000.0,3992000000.0,,,19000000.0,,63000000.0,4600000000.0,3235000000.0,-1049000000.0,0.0,3.1218,11.6592,2.7003,4.6625,0.212149,-5948000000.0,-2974000000.0,2401000000.0,0.186038,,-305000000.0,-1519000000.0,,28983000000.0,0.004593,-0.070642,-0.066918,0.166972,0.243531,0.243531,0.310449,0.310166,6927000000.0,1973000000.0,0.152875,362000000.0,9324000000.0,0.006678,6.03,0.717881,INTC,71817000000.0,54210000000.0,46760000000.0,4641000000.0,25421000000.0,11941000000.0,46760000000.0,46760000000.0,8265000000.0,-23000000.0,-19000000.0,25057000000.0,71817000000.0,21369000000.0,13116000000.0,4455000000.0,3810000000.0,4000000.0,0.0,3814000000.0,12906000000.0,4978200000.0,4999000000.0,5192000000.0
3269000000.0,3544000000.0,1060000000.0,-282000000.0,267000000.0,-857000000.0,6.5673,15.7981,0.7877,1.238845,2879.0075,3140.137142857143,0.56,0.56,9.3824,2662000000.0,5223000000.0,0.0,1828000000.0,53000000.0,50.1305,22.1257385180709,18.9702958531608,0.0,18883000000.0,0.871614,1.4577,0.366417,0.217613,1915000000.0,1517000000.0,,2020000000.0,2012-06-30,7185000000.0,0.3023,0.1473,0.128386,1839000000.0,1572000000.0,1691000000.0,15339000000.0,0.54,82.6049,,0.046154,0.345195,55.5785,23.1041,0.089446,3832000000.0,5671000000.0,0.042655,0.420043,0.013584,-0.026175,0.283831,0.005774,-4000000.0,0.281393,1.3092335e+11,0.0,0.018868,7.6896,5.5084,15.3084,3.1817,10.689,6.3279,2.4011,2.3325,0.901309,0.458409,-0.1938,-942297915.6,9442000000.0,0.633583,1107000000.0,-45000000.0,5974000000.0,1.026618,41149000000.0,0.098684,3696000000.0,0.051329,1.3874,4.4186,437000000.0,-115000000.0,1.4199,7093000000.0,1167000000.0,7093000000.0,0.126742,0.1454,138553350000.0,-2176000000.0,-1768000000.0,4739000000.0,-2176000000.0,-1765000000.0,4739000000.0,794000000.0,-7630000000.0,2827000000.0,2827000000.0,-0.042993,0.032505,2827000000.0,4904000000.0,-73297915.6,-7630000000.0,25976000000.0,0.007756,118000000.0,0.0,0.0,2775000000.0,2753702084.4,-0.068753,0.203963,0.006791,15247000000.0,0.193402,0.594549,1.78024,4947000000.0,0.283831,13501000000.0,0.349752,0.223582,2172000000.0,2182000000.0,,,115000000.0,,502000000.0,4008000000.0,3167000000.0,-1057000000.0,0.0,2.8404,11.18,2.541,4.1529,0.209392,-4485000000.0,-2662000000.0,2513000000.0,0.186134,,-160000000.0,-1396000000.0,,30753000000.0,0.035988,0.046103,-0.05335,0.164944,0.229632,0.229632,0.282982,0.275226,5159000000.0,2131000000.0,0.15784,92000000.0,8425000000.0,0.001644,6.4172,0.718607,INTC,72352000000.0,55964000000.0,48779000000.0,4947000000.0,25785000000.0,10538000000.0,48779000000.0,48779000000.0,8554000000.0,-55000000.0,47000000.0,23573000000.0,72352000000.0,20591000000.0,13035000000.0,4722000000.0,3832000000.0,102000000.0,0.0,3934000000.0,13501000000.0,5048200000.0,5022000000.0,5199000000.0
3188000000.0,3938000000.0,1096000000.0,,268000000.0,-501000000.0,6.2922,13.8551,0.7414,1.054383,3140.137142857143,2998.25,0.59,0.59,9.5612,0.0,3520000000.0,0.45,702000000.0,-29000000.0,55.3246,18.9702958531608,17.4441647110823,0.0,19278000000.0,0.873177,1.5517,0.367244,0.176084,1954000000.0,1633000000.0,,2320000000.0,2012-09-30,7156000000.0,0.3086,0.1452,0.126823,1893000000.0,1625000000.0,652000000.0,11117000000.0,0.58,86.9887,,0.045062,0.36152,58.0081,26.344,0.101909,3841000000.0,5734000000.0,-0.091859,0.426098,0.011109,-0.197283,0.285428,0.002349,6000000.0,0.24203,1.09039215e+11,-0.107692,0.074074,6.7802,4.7024,15.8265,2.6232,9.2644,5.5952,2.0286,2.1799,0.769827,-1.089188,-0.1796,-1968637592.5,9623000000.0,0.632756,949000000.0,64000000.0,6221000000.0,1.020828,41567000000.0,0.133017,4880000000.0,0.010158,1.3738,4.1959,294000000.0,,1.5201,7100000000.0,4393000000.0,7100000000.0,0.125831,0.1441,116741215000.0,-2004000000.0,-4852000000.0,5147000000.0,-2004000000.0,-4852000000.0,5147000000.0,-1703000000.0,-7702000000.0,2972000000.0,2972000000.0,-0.143022,0.051291,2972000000.0,5319000000.0,-60637592.5,-7702000000.0,27157000000.0,0.007079,218000000.0,0.0,0.0,2904000000.0,2911362407.5,-0.141734,0.216346,0.057254,11061000000.0,-0.189321,0.086094,nm,4942000000.0,0.285428,13457000000.0,0.347329,0.211626,1659000000.0,3339000000.0,,,43000000.0,,,4033000000.0,3215000000.0,-1125000000.0,0.0,2.3695,9.8127,2.1719,3.4926,0.220852,,,2605000000.0,0.19358,,-41000000.0,-1175000000.0,0.0,30492000000.0,-0.054521,-0.003259,-0.052109,0.163747,0.245097,0.245097,0.297206,0.290127,,1995000000.0,0.14825,56000000.0,6945000000.0,0.000992,6.4865,0.75797,INTC,74441000000.0,56425000000.0,49269000000.0,4942000000.0,23014000000.0,11953000000.0,49269000000.0,49269000000.0,8515000000.0,-27000000.0,53000000.0,25172000000.0,74441000000.0,24270000000.0,13219000000.0,4674000000.0,3841000000.0,80000000.0,0.0,3921000000.0,13457000000.0,5037300000.0,4996000000.0,5153000000.0
3023000000.0,3833000000.0,1015000000.0,,364000000.0,-399000000.0,6.7536,14.2566,0.6862,0.82826,2998.25,3246.57,0.5,0.5,9.9231,0.0,8478000000.0,,1024000000.0,38000000.0,51.3728,17.4441647110823,18.6682812548069,,19464000000.0,0.791991,1.6258,0.419975,0.158244,1932000000.0,2117000000.0,,2972000000.0,2012-12-31,13448000000.0,0.6069,0.2626,0.208009,2005000000.0,1641000000.0,610000000.0,18772000000.0,0.48,79.8155,,0.050826,0.395275,54.0449,25.6022,0.105425,3155000000.0,5160000000.0,-0.166128,0.382875,-0.100105,-0.313981,0.234103,-0.178599,-3000000.0,0.229713,94755800000.0,-0.25,-0.172414,6.4733,4.276,15.2509,2.2793,8.7485,5.0178,1.7764,2.0671,0.72513,-0.111299,-0.1914,-2187744069.9,9710000000.0,0.580025,736000000.0,1344000000.0,6235000000.0,1.015531,41572000000.0,0.124966,4618000000.0,0.00012,1.3586,4.573,136000000.0,6189000000.0,1.6009,13136000000.0,4917000000.0,13136000000.0,0.203183,0.2565,104386800000.0,4267000000.0,-5332000000.0,6026000000.0,4267000000.0,-5332000000.0,6026000000.0,4958000000.0,-9631000000.0,2468000000.0,2468000000.0,-0.265476,-0.169583,2468000000.0,4734000000.0,-37744069.9,-9631000000.0,27983000000.0,0.004061,209000000.0,0.0,0.0,3412000000.0,2430255930.1,-0.278597,0.180326,-0.165251,18460000000.0,-0.091101,0.170779,nm,5660000000.0,0.234103,13477000000.0,0.345923,0.160639,2512000000.0,3644000000.0,,,-317000000.0,,,4148000000.0,3702000000.0,-1119000000.0,0.0,2.0387,9.4854,1.957,2.9607,0.183127,,,2629000000.0,0.195073,,53000000.0,-675000000.0,,32138000000.0,-0.029524,0.001486,-0.046113,0.12566,0.19887,0.19887,0.244983,0.240922,,1958000000.0,0.145285,312000000.0,9684000000.0,0.004826,6.8329,0.770287,INTC,84351000000.0,64651000000.0,51203000000.0,5660000000.0,31358000000.0,12898000000.0,51203000000.0,51203000000.0,7817000000.0,11000000.0,60000000.0,33148000000.0,84351000000.0,25010000000.0,20250000000.0,4662000000.0,3155000000.0,49000000.0,0.0,3204000000.0,13477000000.0,5002300000.0,4996000000.0,5160000000.0
2654000000.0,3536000000.0,987000000.0,-98000000.0,382000000.0,-410000000.0,7.4599,14.0011,0.6845,0.79713,3246.57,3367.4085714285716,0.41,0.41,10.0776,2174000000.0,5698000000.0,0.45,200000000.0,,53.7958,18.6682812548069,20.9104717683317,0.0,20098000000.0,0.794629,1.5336,0.438315,0.198512,1901000000.0,2109000000.0,,1501000000.0,2013-03-31,13231000000.0,0.6256,0.2584,0.205371,2064000000.0,1682000000.0,-106000000.0,16967000000.0,0.4,76.6547,0.0,0.047392,0.428142,48.9283,26.0695,0.092966,2519000000.0,4583000000.0,-0.180876,0.364308,-0.111822,-0.338845,0.200238,-0.201585,-10000000.0,0.162914,1.010728e+11,-0.245283,-0.166667,7.5727,4.7793,12.6521,2.4446,9.9153,5.0043,1.9065,1.9839,0.944604,0.955945,-0.1783,-96381498.2,9756000000.0,0.561685,398000000.0,-144000000.0,5807000000.0,0.969829,41345000000.0,0.056336,2205000000.0,-0.00546,1.3174,4.7616,465000000.0,,1.5814,13143000000.0,6007000000.0,13143000000.0,0.204005,0.2567,110921800000.0,-1738000000.0,-5317000000.0,4285000000.0,-1738000000.0,-5317000000.0,4285000000.0,-2780000000.0,-9849000000.0,2045000000.0,2045000000.0,-0.253104,-0.171394,2045000000.0,4358000000.0,63618501.8,-9849000000.0,28418000000.0,-0.007284,320000000.0,0.0,0.0,3427000000.0,2108618501.8,-0.229061,0.167617,-0.132347,16879000000.0,0.44179,-0.288915,1.971021,5514000000.0,0.200238,12580000000.0,0.361447,0.137064,1601000000.0,4667000000.0,,,1000000.0,,62000000.0,4418000000.0,3521000000.0,-1114000000.0,0.0,2.1667,10.7566,2.0923,3.1131,0.16256,-8701000000.0,-2174000000.0,2527000000.0,0.200874,,-531000000.0,-559000000.0,0.0,31506000000.0,-0.02526,-0.066558,-0.040679,0.111273,0.180137,0.180137,0.220816,0.2281,5594000000.0,1947000000.0,0.154769,88000000.0,11375000000.0,0.001366,7.014,0.837086,INTC,83083000000.0,64425000000.0,51194000000.0,5514000000.0,28677000000.0,11798000000.0,51194000000.0,51194000000.0,7066000000.0,50000000.0,-26000000.0,31889000000.0,83083000000.0,25988000000.0,20091000000.0,4547000000.0,2519000000.0,-76000000.0,0.0,2443000000.0,12580000000.0,4987800000.0,4948000000.0,5080000000.0
2864000000.0,3474000000.0,1060000000.0,-286000000.0,279000000.0,145000000.0,6.9972,14.9117,0.6623,0.810332,3367.4085714285716,3772.8385714285714,0.4,0.4,10.5445,2723000000.0,3778000000.0,0.0,934000000.0,115000000.0,52.6558,20.9104717683317,19.9749551728597,0.0,20678000000.0,0.800559,1.5251,0.416907,0.183538,1971000000.0,2121000000.0,,1981000000.0,2013-06-30,13413000000.0,0.6644,0.2491,0.199441,1991000000.0,1712000000.0,572000000.0,17922000000.0,0.39,80.3418,,0.043026,0.47243,52.1635,24.4775,0.076666,2719000000.0,4710000000.0,-0.169459,0.367653,0.027711,-0.290449,0.212239,0.079397,2000000.0,0.257334,1.1277838e+11,-0.277778,-0.025,9.2184,5.5867,14.6216,2.6289,11.9164,5.5886,2.1553,1.8917,1.284739,3.783826,-0.181,268309320.5,10005000000.0,0.583093,693000000.0,442000000.0,5620000000.0,0.990438,42900000000.0,0.042553,1751000000.0,0.03761,1.2451,4.5431,575000000.0,,1.5398,13150000000.0,7003000000.0,13150000000.0,0.19553,0.2442,123718380000.0,-1132000000.0,-5512000000.0,4722000000.0,-1132000000.0,-5512000000.0,4722000000.0,-1920000000.0,-10940000000.0,2000000000.0,2000000000.0,-0.292536,-0.022005,2000000000.0,4542000000.0,19309320.5,-10940000000.0,29345000000.0,-0.00208,289000000.0,0.0,0.0,3709000000.0,2019309320.5,-0.266693,0.157623,-0.042354,17659000000.0,-0.003587,0.101984,1.734117,5341000000.0,0.212239,12811000000.0,0.370853,0.140564,1561000000.0,3250000000.0,,,37000000.0,,20000000.0,4640000000.0,3573000000.0,-1123000000.0,0.0,2.2979,13.0436,2.3644,3.2374,0.156116,-8362000000.0,-2723000000.0,2516000000.0,0.196394,,175000000.0,-796000000.0,0.0,33017000000.0,-0.051107,0.018362,-0.035891,0.103394,0.160366,0.160366,0.196258,0.198337,5839000000.0,2165000000.0,0.168995,263000000.0,13572000000.0,0.003911,7.4843,0.742666,INTC,85661000000.0,67253000000.0,53840000000.0,5341000000.0,29048000000.0,11389000000.0,53840000000.0,53840000000.0,7470000000.0,37000000.0,11000000.0,31821000000.0,85661000000.0,27268000000.0,20432000000.0,4751000000.0,2719000000.0,-26000000.0,0.0,2693000000.0,12811000000.0,5000000000.0,4978000000.0,5106000000.0
2996000000.0,3719000000.0,1012000000.0,-498000000.0,292000000.0,1048000000.0,6.9806,13.674,0.6346,0.745113,3772.8385714285714,4159.8133333333335,0.59,0.59,10.8729,2866000000.0,4881000000.0,0.45,535000000.0,-24000000.0,57.7071,19.9749551728597,22.830782334988,0.0,21113000000.0,0.80413,1.7644,0.375955,0.216871,2093000000.0,2435000000.0,,2530000000.0,2013-09-30,13507000000.0,0.6761,0.2436,0.19587,2021000000.0,1729000000.0,-1321000000.0,17825000000.0,0.58,83.302,,0.044927,0.473106,52.2878,26.6929,0.080744,3504000000.0,5525000000.0,-0.036449,0.409775,0.173036,-0.087738,0.259883,0.288709,1000000.0,0.248216,1.03462e+11,0.0,0.487179,8.6965,5.1788,11.4565,2.4802,11.2706,4.9828,1.9763,1.8208,2.262422,8.262633,-0.2047,2485250764.5,10467000000.0,0.624045,974000000.0,823000000.0,5434000000.0,1.119863,41716000000.0,0.003585,149000000.0,-0.027599,1.2572,4.3816,268000000.0,38000000.0,1.5755,13157000000.0,8097000000.0,13157000000.0,0.190795,0.2373,117198000000.0,-1306000000.0,-3323000000.0,5731000000.0,-1306000000.0,-3323000000.0,5731000000.0,1103000000.0,-13736000000.0,2950000000.0,2950000000.0,-0.007402,0.475,2950000000.0,4533000000.0,-315749235.5,-13736000000.0,30346000000.0,0.029457,-63000000.0,0.0,0.0,4384000000.0,2634250764.5,-0.095183,0.195376,0.304531,17475000000.0,0.113464,0.213681,1.999651,5069000000.0,0.259883,13483000000.0,0.364162,0.164919,1517000000.0,4894000000.0,,,4000000.0,,346000000.0,4857000000.0,3683000000.0,-1121000000.0,0.0,2.1135,12.3849,2.2387,2.9632,0.218794,-6336000000.0,-2866000000.0,2742000000.0,0.203367,,49000000.0,-544000000.0,124000000.0,33291000000.0,0.001932,0.052455,-0.044253,0.138844,0.201371,0.201371,0.245623,0.216166,6031000000.0,1970000000.0,0.14611,350000000.0,14265000000.0,0.005075,7.7551,0.751784,INTC,90551000000.0,68959000000.0,55452000000.0,5069000000.0,31350000000.0,13875000000.0,55452000000.0,55452000000.0,8414000000.0,32000000.0,452000000.0,35099000000.0,90551000000.0,28855000000.0,21224000000.0,4910000000.0,3504000000.0,420000000.0,0.0,3924000000.0,13483000000.0,5000000000.0,4981000000.0,5100000000.0
2969000000.0,3582000000.0,1021000000.0,-43000000.0,289000000.0,1243000000.0,7.0718,14.2166,0.5966,0.688773,4159.8133333333335,4202.429999999999,0.54,0.54,11.4295,2948000000.0,5674000000.0,,1205000000.0,113000000.0,50.7748,22.830782334988,22.9239748115431,0.0,21536000000.0,0.812474,1.6153,0.380439,0.164385,2096000000.0,2594000000.0,,3123000000.0,2013-12-31,13446000000.0,0.6616,0.2308,0.187526,1956000000.0,1667000000.0,-1290000000.0,18797000000.0,0.52,76.7143,,0.039955,0.465593,51.6137,25.6742,0.073726,3549000000.0,5505000000.0,0.06686,0.397933,-0.00362,0.124881,0.256542,0.012842,-2000000.0,0.260772,1.161482e+11,0.083333,-0.103448,9.4499,5.7151,16.5291,2.6445,12.388,5.5905,2.2036,1.7744,1.125482,-0.88954,-0.2189,274521543.2,10513000000.0,0.619561,926000000.0,1119000000.0,5150000000.0,1.000564,43921000000.0,0.056504,2349000000.0,0.052857,1.233,4.7579,280000000.0,-38000000.0,1.6144,13165000000.0,7694000000.0,13165000000.0,0.183607,0.226,130483200000.0,-1322000000.0,-3921000000.0,6038000000.0,-1322000000.0,-3921000000.0,6038000000.0,793000000.0,-14335000000.0,2625000000.0,2625000000.0,0.063614,-0.110169,2625000000.0,4172000000.0,-1478456.8,-14335000000.0,31428000000.0,0.000123,338000000.0,0.0,0.0,4397000000.0,2623521543.2,0.079525,0.189643,-0.004073,18516000000.0,0.001991,0.053568,2.048168,5263000000.0,0.256542,13834000000.0,0.363019,0.15304,1649000000.0,4078000000.0,,,-157000000.0,,-161000000.0,5489000000.0,2972000000.0,-1121000000.0,0.0,2.2398,13.5637,2.4756,3.0635,0.18975,-6252000000.0,-2948000000.0,2826000000.0,0.204279,0.0,-38000000.0,-248000000.0,116000000.0,35477000000.0,0.02649,0.026033,-0.051171,0.113196,0.182665,0.182665,0.233837,0.233713,5483000000.0,2006000000.0,0.145005,281000000.0,14413000000.0,0.003919,8.3565,0.739228,INTC,92358000000.0,71702000000.0,58256000000.0,5263000000.0,32084000000.0,13568000000.0,58256000000.0,58256000000.0,8571000000.0,32000000.0,34000000.0,34102000000.0,92358000000.0,28846000000.0,20534000000.0,5022000000.0,3549000000.0,2000000.0,0.0,3551000000.0,13834000000.0,4958800000.0,4970000000.0,5097000000.0
3010000000.0,3505000000.0,1019000000.0,-108000000.0,287000000.0,1156000000.0,7.3531,15.024,0.6044,0.69616,4202.429999999999,4378.857142857143,0.39,0.39,11.3422,2689000000.0,4777000000.0,0.45,571000000.0,,45.8274,22.9239748115431,27.6764918482798,0.0,22166000000.0,0.814614,1.7044,0.403557,0.142093,2171000000.0,2507000000.0,,1979000000.0,2014-03-31,13208000000.0,0.652,0.2276,0.185386,2007000000.0,1720000000.0,-2008000000.0,17038000000.0,0.38,71.1718,,0.039547,0.471752,49.6389,24.2945,0.072503,2510000000.0,4517000000.0,-0.014401,0.353886,-0.179473,-0.003573,0.196647,-0.292759,1000000.0,0.277154,1.1740954e+11,-0.05,-0.269231,9.5595,5.796,19.2843,2.6473,12.9116,5.8728,2.2198,1.7364,-11.353568,-5.337202,-0.2155,-1190655430.7,10617000000.0,0.596443,740000000.0,-801000000.0,4963000000.0,1.063745,44350000000.0,0.072681,3005000000.0,0.009768,1.2344,5.1284,479000000.0,,1.6022,13172000000.0,7850000000.0,13172000000.0,0.184881,0.227,131097540000.0,-1650000000.0,-2749000000.0,3501000000.0,-1650000000.0,-2749000000.0,3501000000.0,-897000000.0,-13688000000.0,1930000000.0,1930000000.0,-0.056235,-0.264762,1930000000.0,3763000000.0,-115655430.7,-13688000000.0,32502000000.0,0.009828,365000000.0,0.0,0.0,4302000000.0,1814344569.3,-0.139558,0.142145,-0.308432,17002000000.0,-0.182964,-0.420172,1.301971,5151000000.0,0.196647,12764000000.0,0.399796,0.118859,1733000000.0,5337000000.0,,,-20000000.0,,146000000.0,5446000000.0,2868000000.0,-1119000000.0,0.0,2.2588,13.7925,2.4786,3.0877,0.151207,-5878000000.0,-2689000000.0,2846000000.0,0.222971,,-445000000.0,-545000000.0,137000000.0,34716000000.0,0.014626,-0.077346,-0.035692,0.091393,0.139776,0.139776,0.175468,0.16564,5780000000.0,2047000000.0,0.160373,36000000.0,14269000000.0,0.000505,8.2974,0.722846,INTC,91932000000.0,71246000000.0,58038000000.0,5151000000.0,30554000000.0,13552000000.0,58038000000.0,58038000000.0,7613000000.0,-112000000.0,48000000.0,33894000000.0,91932000000.0,28876000000.0,20342000000.0,5103000000.0,2510000000.0,160000000.0,0.0,2670000000.0,12764000000.0,4948700000.0,4974000000.0,5117000000.0
2960000000.0,3489000000.0,1067000000.0,-29000000.0,290000000.0,1120000000.0,7.0045,15.4853,0.6076,0.767304,4378.857142857143,4509.9685714285715,0.56,0.56,11.5649,2828000000.0,3049000000.0,0.0,1364000000.0,90000000.0,47.3798,27.6764918482798,31.4013635405255,0.0,22475000000.0,0.817866,1.601,0.355289,0.129523,2171000000.0,2255000000.0,,2409000000.0,2014-06-30,13194000000.0,0.6119,0.2227,0.182134,2170000000.0,1880000000.0,-542000000.0,16769000000.0,0.55,75.9186,,0.032478,0.435589,52.1096,23.5708,0.065009,3844000000.0,6014000000.0,0.276858,0.43482,0.331415,0.413755,0.277926,0.531474,,0.287098,1.4610939e+11,0.410256,0.447368,10.898,6.7766,25.1233,3.1152,14.8823,7.0506,2.7101,1.7263,-5.702059,-0.05959,-0.2059,-1261606323.3,10621000000.0,0.644711,1126000000.0,203000000.0,4697000000.0,1.020291,46902000000.0,0.093287,4002000000.0,0.057542,1.2007,4.8078,526000000.0,,1.5692,13180000000.0,8228000000.0,13180000000.0,0.181941,0.2225,158454390000.0,-2915000000.0,-4266000000.0,5453000000.0,-2915000000.0,-4266000000.0,5453000000.0,-1728000000.0,-12345000000.0,2796000000.0,2796000000.0,0.398,0.448705,2796000000.0,3943000000.0,-55606323.3,-12345000000.0,33115000000.0,0.004776,284000000.0,0.0,0.0,4187000000.0,2740393676.7,0.357095,0.198134,0.510404,16755000000.0,0.154807,0.557555,1.928218,4914000000.0,0.277926,13831000000.0,0.366785,0.168873,2008000000.0,3630000000.0,,,-214000000.0,,38000000.0,6126000000.0,2928000000.0,-1126000000.0,0.0,2.6745,15.3824,2.9391,3.6071,0.202155,-7175000000.0,-2828000000.0,2859000000.0,0.20671,,-21000000.0,-2080000000.0,81000000.0,35652000000.0,0.079619,0.083594,-0.048,0.122832,0.189897,0.189897,0.237897,0.233121,5728000000.0,2061000000.0,0.149013,14000000.0,14262000000.0,0.000193,8.5749,0.712902,INTC,91793000000.0,72441000000.0,59247000000.0,4914000000.0,29006000000.0,12251000000.0,59247000000.0,59247000000.0,8917000000.0,17000000.0,95000000.0,32546000000.0,91793000000.0,29672000000.0,20295000000.0,5073000000.0,3844000000.0,78000000.0,0.0,3922000000.0,13831000000.0,4992900000.0,4981000000.0,5123000000.0
2597000000.0,3647000000.0,1100000000.0,-56000000.0,307000000.0,946000000.0,7.3034,14.9289,0.607,1.078084,4509.9685714285715,4778.2242857142855,0.68,0.68,11.1146,2445000000.0,3143000000.0,0.45,1644000000.0,-31000000.0,51.7474,31.4013635405255,32.9451541967607,0.0,21894000000.0,0.798135,1.6148,0.350144,0.141568,2189000000.0,1674000000.0,,2931000000.0,2014-09-30,13267000000.0,0.5826,0.2328,0.188841,2198000000.0,1891000000.0,-1825000000.0,13769000000.0,0.66,77.2748,,0.029128,0.418166,49.9766,24.4493,0.061721,4540000000.0,6738000000.0,0.219548,0.462966,0.120386,0.295662,0.311942,0.181061,-6000000.0,0.270989,1.627627e+11,0.137931,0.2,11.2693,7.1469,26.2162,3.5388,15.5212,7.8686,2.9602,1.7323,-1.389615,0.232494,-0.2199,-968290109.9,10556000000.0,0.649856,1233000000.0,-45000000.0,4379000000.0,1.002203,45994000000.0,0.102551,4278000000.0,-0.01936,1.2537,4.7234,561000000.0,,1.6112,12103000000.0,8667000000.0,12103000000.0,0.172272,0.2124,172841700000.0,-4607000000.0,-986000000.0,5693000000.0,-4607000000.0,-986000000.0,5693000000.0,94000000.0,-10994000000.0,3317000000.0,3317000000.0,0.124407,0.186338,3317000000.0,4115000000.0,-7290109.9,-10994000000.0,33135000000.0,0.00059,223000000.0,0.013024,0.008138,3551000000.0,3309709890.1,0.256414,0.227409,0.20775,12605000000.0,-0.006631,0.044012,2.328425,5096000000.0,0.311942,14554000000.0,0.337914,0.189345,2479000000.0,4923000000.0,,,29000000.0,,1000000.0,6370000000.0,3070000000.0,-1095000000.0,0.0,3.0824,16.2019,3.1435,4.2015,0.22791,-4701000000.0,-2445000000.0,2842000000.0,0.195273,915000000.0,65000000.0,-4167000000.0,20000000.0,33233000000.0,0.079433,0.052274,-0.062578,0.138338,0.220724,0.222535,0.285113,0.284523,6215000000.0,1979000000.0,0.135976,1164000000.0,12451000000.0,0.016568,8.1542,0.729011,INTC,90616000000.0,70255000000.0,56073000000.0,5096000000.0,27509000000.0,14904000000.0,56073000000.0,56073000000.0,9458000000.0,25000000.0,35000000.0,33628000000.0,90616000000.0,29972000000.0,18724000000.0,4918000000.0,4540000000.0,10000000.0,0.0,4550000000.0,14554000000.0,4877900000.0,4880000000.0,5045000000.0
2748000000.0,4427000000.0,1092000000.0,-741000000.0,72000000.0,666000000.0,7.088,13.9518,0.6064,1.326555,4778.2242857142855,4926.4457142857145,0.76,0.76,11.0492,2143000000.0,2561000000.0,,1060000000.0,108000000.0,50.7338,32.9451541967607,28.5906174495752,0.0,21781000000.0,0.793176,1.6599,0.346444,0.176153,2205000000.0,1958000000.0,,3475000000.0,2014-12-31,13655000000.0,0.5704,0.2405,0.193875,72000000.0,,-739000000.0,13315000000.0,0.72,76.0679,,0.026403,0.376709,51.4956,26.1615,0.061648,4496000000.0,4568000000.0,-0.170209,0.310305,-0.322054,0.266836,0.305414,-0.009692,-10000000.0,0.214209,1.812458e+11,0.384615,0.090909,11.7769,7.5712,22.5691,3.8352,15.9439,8.8768,3.2441,1.728,-0.40942,1.167436,-0.2074,162127065.9,10861000000.0,0.653556,998000000.0,,4446000000.0,1.036254,47258000000.0,0.075977,3337000000.0,0.027482,1.2255,4.7983,419000000.0,235000000.0,1.6018,12059000000.0,9120000000.0,12059000000.0,0.171215,0.2124,189852800000.0,-4439000000.0,-1904000000.0,5771000000.0,-4439000000.0,-1904000000.0,5771000000.0,-582000000.0,-9519000000.0,0.0,3661000000.0,0.394667,0.103708,3661000000.0,4273000000.0,-161872934.1,-9519000000.0,33238000000.0,0.013572,,0.012949,0.007928,3775000000.0,3499127065.9,0.333752,0.237696,0.057231,11719000000.0,-0.04422,0.013701,2.692954,5100000000.0,0.302493,14721000000.0,0.351063,0.185213,3018000000.0,4895000000.0,,,-5000000.0,43000000.0,394000000.0,6505000000.0,3278000000.0,-1069000000.0,0.0,3.3984,16.2212,3.3981,4.681,0.248692,-5027000000.0,-2143000000.0,2990000000.0,0.203111,912000000.0,306000000.0,-4325000000.0,57000000.0,33418000000.0,0.064117,0.011475,-0.057591,0.150815,0.231853,0.233706,0.291297,0.277725,5613000000.0,2049000000.0,0.139189,1596000000.0,11493000000.0,0.02266,8.0218,0.785791,INTC,91900000000.0,70432000000.0,55865000000.0,5100000000.0,27730000000.0,16011000000.0,55865000000.0,55865000000.0,9621000000.0,70000000.0,233000000.0,35123000000.0,91900000000.0,30932000000.0,19112000000.0,5168000000.0,4453000000.0,206000000.0,0.0,4659000000.0,14721000000.0,4897100000.0,4901000000.0,5056000000.0
2775000000.0,3246000000.0,1014000000.0,-57000000.0,251000000.0,68000000.0,6.9701,16.5567,0.6158,1.36614,4926.4457142857145,5082.072857142857,0.42,0.42,11.177,2025000000.0,4244000000.0,0.48,596000000.0,0.0,43.7344,28.5906174495752,28.0133555166692,0.0,22395000000.0,0.795251,1.6293,0.395196,0.200519,2196000000.0,2048000000.0,,2011000000.0,2015-03-31,13233000000.0,0.5483,0.237,0.191602,2099000000.0,1848000000.0,-1566000000.0,12552000000.0,0.41,74.0555,,0.030761,0.376254,52.3666,22.0455,0.074824,2615000000.0,4714000000.0,0.043613,0.368829,0.031961,0.041833,0.204601,-0.418372,-9000000.0,0.25477,1.49047e+11,0.078947,-0.430556,9.619,6.1753,16.3233,3.19,12.9562,6.987,2.6669,1.6987,0.643706,-3.61661,-0.2002,-424223344.6,10766000000.0,0.604804,681000000.0,-95000000.0,4211000000.0,1.02218,46723000000.0,0.053506,2373000000.0,-0.011321,1.2273,4.9287,666000000.0,,1.5939,12112000000.0,8224000000.0,12112000000.0,0.175371,0.2169,157248000000.0,-2274000000.0,-449000000.0,4415000000.0,-2274000000.0,-449000000.0,4415000000.0,1683000000.0,-9109000000.0,1992000000.0,1992000000.0,0.032124,-0.455886,1992000000.0,4418000000.0,-43223344.6,-9109000000.0,33296000000.0,0.003792,419000000.0,0.013147,0.007974,3462000000.0,1948776655.4,0.074094,0.152475,-0.443068,11431000000.0,0.261068,-0.234968,2.180247,5051000000.0,0.204601,12781000000.0,0.400203,0.126002,2636000000.0,5918000000.0,,,-29000000.0,,5000000.0,6603000000.0,3125000000.0,-1137000000.0,0.0,2.863,13.3646,2.8137,3.9364,0.155856,-2892000000.0,-2025000000.0,2995000000.0,0.234332,908000000.0,-699000000.0,-1075000000.0,105000000.0,32461000000.0,0.001332,-0.131785,-0.036705,0.095983,0.149228,0.150427,0.187132,0.18334,4520000000.0,1953000000.0,0.152805,1121000000.0,9874000000.0,0.016231,8.1292,0.74523,INTC,89566000000.0,69065000000.0,54924000000.0,5051000000.0,26466000000.0,15035000000.0,54924000000.0,54924000000.0,7730000000.0,-26000000.0,32000000.0,33734000000.0,89566000000.0,29804000000.0,18699000000.0,5115000000.0,2615000000.0,58000000.0,0.0,2673000000.0,12781000000.0,4742900000.0,4741000000.0,4914000000.0
2359000000.0,3860000000.0,1021000000.0,-467000000.0,214000000.0,645000000.0,7.5932,15.0363,0.6062,1.259935,5082.072857142857,4680.105,0.57,0.57,11.7529,1767000000.0,4454000000.0,0.0,1103000000.0,80000000.0,55.3811,28.0133555166692,27.9656462803118,0.0,22625000000.0,0.803171,1.5933,0.374915,0.193169,2082000000.0,1895000000.0,,2572000000.0,2015-06-30,13234000000.0,0.5702,0.2258,0.18423,2191000000.0,1977000000.0,429000000.0,14299000000.0,0.55,79.1761,,0.031505,0.380867,48.0696,24.2745,0.076676,2896000000.0,5087000000.0,-0.15414,0.385525,0.079126,-0.246618,0.219477,0.107457,10000000.0,0.09286,1.4361118e+11,0.0,0.341463,9.8722,6.1877,15.4997,2.9291,12.6058,7.4337,2.5993,1.6794,1.396383,2.17881,-0.186,500078779.8,11037000000.0,0.625085,277000000.0,-1873000000.0,4226000000.0,1.030041,49029000000.0,0.04535,2127000000.0,0.049355,1.1519,4.61,133000000.0,,1.5468,12116000000.0,8935000000.0,12116000000.0,0.168667,0.2068,152277180000.0,-1945000000.0,-1295000000.0,3440000000.0,-1945000000.0,-1295000000.0,3440000000.0,210000000.0,-9571000000.0,2706000000.0,2706000000.0,-0.032189,0.358434,2706000000.0,4818000000.0,-78921220.2,-9571000000.0,32683000000.0,0.007202,416000000.0,0.012598,0.007679,3251000000.0,2627078779.8,-0.04135,0.199097,0.348066,13181000000.0,-0.369155,-0.220838,1.946802,4947000000.0,0.219477,13195000000.0,0.405608,0.133048,2267000000.0,4377000000.0,,,-237000000.0,,264000000.0,6901000000.0,2996000000.0,-1146000000.0,0.0,2.6393,13.0419,2.7561,3.5887,0.205078,-4212000000.0,-1767000000.0,3087000000.0,0.233952,905000000.0,2000000.0,-697000000.0,248000000.0,34425000000.0,-0.045984,0.032392,-0.04131,0.124319,0.186583,0.188027,0.229337,0.222135,4887000000.0,1949000000.0,0.147707,1118000000.0,9416000000.0,0.015564,8.6437,0.90714,INTC,90492000000.0,71834000000.0,57695000000.0,4947000000.0,26710000000.0,13529000000.0,57695000000.0,57695000000.0,8248000000.0,13000000.0,100000000.0,31892000000.0,90492000000.0,31099000000.0,18363000000.0,5352000000.0,2896000000.0,87000000.0,0.0,2983000000.0,13195000000.0,4747400000.0,4759000000.0,4909000000.0
2449000000.0,4101000000.0,1028000000.0,-14000000.0,215000000.0,-335000000.0,8.1062,14.239,0.5832,1.01308,4680.105,5035.83,0.65,0.65,11.7098,1206000000.0,7065000000.0,0.48,602000000.0,-20000000.0,61.6305,27.9656462803118,32.2160793860026,0.0,23001000000.0,0.721013,1.7115,0.370135,0.128752,2160000000.0,1992000000.0,,2732000000.0,2015-09-30,21188000000.0,0.9279,0.3653,0.267559,2275000000.0,2060000000.0,1411000000.0,22254000000.0,0.64,81.0239,,0.008971,0.391699,45.0271,25.6338,0.081636,4088000000.0,6363000000.0,-0.055654,0.439889,0.250835,-0.099559,0.282613,0.411602,,0.268987,1.3428056e+11,-0.030303,0.163636,9.5268,5.8807,21.5274,2.6381,12.0499,6.9356,2.4343,1.7043,-0.901901,-4.682603,-0.1574,-1841591817.5,11026000000.0,0.629865,1144000000.0,194000000.0,4022000000.0,1.040362,50900000000.0,0.106666,4906000000.0,0.038161,1.1386,4.5048,222000000.0,7986000000.0,1.6451,20059000000.0,7447000000.0,20059000000.0,0.253302,0.3458,140477560000.0,6043000000.0,-9167000000.0,5735000000.0,6043000000.0,-9167000000.0,5735000000.0,2611000000.0,-7102000000.0,3109000000.0,3109000000.0,-0.062707,0.148928,3109000000.0,4965000000.0,-44591817.5,-7102000000.0,31597000000.0,0.004928,157000000.0,0.011428,0.015827,2502000000.0,3064408182.5,-0.074116,0.21185,0.16647,21125000000.0,0.007377,0.667151,4.75539,5354000000.0,0.289803,14465000000.0,0.340062,0.164822,4304000000.0,5582000000.0,,,-11000000.0,-104000000.0,-1973000000.0,8255000000.0,2909000000.0,-1140000000.0,0.0,2.4603,12.2495,2.5466,3.3408,0.214933,-10225000000.0,-1206000000.0,2927000000.0,0.202351,905000000.0,15000000.0,-1029000000.0,14000000.0,34431000000.0,-0.006115,0.096249,-0.037184,0.12535,0.2008,0.204029,0.241213,0.236285,4251000000.0,1910000000.0,0.132043,1129000000.0,13778000000.0,0.014257,8.6237,0.731013,INTC,98552000000.0,79190000000.0,57097000000.0,5354000000.0,36205000000.0,15080000000.0,57097000000.0,57097000000.0,9111000000.0,,165000000.0,40550000000.0,98552000000.0,30750000000.0,25470000000.0,4919000000.0,4192000000.0,61000000.0,0.0,4253000000.0,14465000000.0,4783100000.0,4747000000.0,4876000000.0
2063000000.0,4787000000.0,960000000.0,-375000000.0,210000000.0,60000000.0,8.5953,12.0154,0.5726,0.661734,5035.83,4815.68,0.77,0.77,12.4816,2328000000.0,15308000000.0,,1138000000.0,126000000.0,71.2363,32.2160793860026,30.5203385728016,0.0,23411000000.0,0.721601,1.6301,0.35698,0.142534,2188000000.0,,,3138000000.0,2015-12-31,22670000000.0,1.0027,0.3658,0.267802,2146000000.0,1936000000.0,-5000000.0,25308000000.0,0.73,83.3237,,0.014674,0.398949,42.4651,30.3777,0.066709,4298000000.0,6444000000.0,0.410683,0.432077,0.01273,-0.044039,0.288186,0.05137,-1000000.0,0.160353,1.6159512e+11,0.013889,0.140625,11.6281,7.1477,22.9661,3.1394,14.3624,8.497,2.9193,1.7007,-4.733853,0.671285,-0.1686,-605358587.0,11332000000.0,0.64302,690000000.0,-735000000.0,3933000000.0,1.001163,51473000000.0,0.089191,4215000000.0,0.011257,1.1213,4.3805,-155000000.0,1490000000.0,1.6282,20036000000.0,7851000000.0,20036000000.0,0.236687,0.3233,171192120000.0,88000000.0,2728000000.0,5428000000.0,88000000.0,2728000000.0,5428000000.0,8243000000.0,-10494000000.0,3613000000.0,3613000000.0,-0.013111,0.16211,3613000000.0,5167000000.0,-3358587.0,-10509000000.0,31858000000.0,0.000335,399000000.0,0.010596,0.015233,954000000.0,3609641413.0,0.031583,0.24203,0.177924,22674000000.0,-0.059435,-0.053531,2.331615,5324000000.0,0.288253,14914000000.0,0.354767,0.165004,2982000000.0,4607000000.0,71000000.0,56000000.0,277000000.0,-1000000.0,1885000000.0,8165000000.0,2841000000.0,-1133000000.0,0.0,2.8025,14.9906,3.0926,3.7362,0.242256,-4426000000.0,-2328000000.0,3119000000.0,0.209132,897000000.0,-191000000.0,-200000000.0,-13000000.0,37614000000.0,0.013111,0.03104,-0.045713,0.138706,0.222245,0.225683,0.271396,0.27106,7972000000.0,2118000000.0,0.142014,2634000000.0,10005000000.0,0.031116,9.3625,0.839647,INTC,101459000000.0,84652000000.0,61085000000.0,5324000000.0,38320000000.0,15646000000.0,61085000000.0,61085000000.0,9590000000.0,13000000.0,18000000.0,39477000000.0,101459000000.0,31281000000.0,23831000000.0,5291000000.0,4299000000.0,4000000.0,0.0,4303000000.0,14914000000.0,4738600000.0,4742000000.0,4894000000.0
3163000000.0,4216000000.0,820000000.0,-14569000000.0,396000000.0,560000000.0,7.1394,15.0834,0.5771,0.641973,4815.68,4782.282222222221,0.43,0.43,12.5485,1346000000.0,3061000000.0,0.52,-72000000.0,254000000.0,60.6265,30.5203385728016,31.2144240390075,0.0,24088000000.0,0.699635,1.6689,0.406656,-0.086685,2632000000.0,,,1834000000.0,2016-03-31,25369000000.0,1.1328,0.4087,0.29014,2015000000.0,1619000000.0,-1626000000.0,13465000000.0,0.42,87.5521,,0.024174,0.405003,51.1245,24.1989,0.072531,2486000000.0,4501000000.0,-0.045185,0.328492,-0.301521,-0.049331,0.181433,-0.421591,,0.184211,1.5989175e+11,0.02439,-0.424658,11.6133,7.1396,nm,2.5431,14.027,8.5696,2.8412,1.7069,-32.1289,-22.216079,-0.0704,-14054052631.6,16942000000.0,0.593344,462000000.0,-432000000.0,11140000000.0,1.00885,62872000000.0,0.345633,16149000000.0,0.221456,1.027,4.1689,343000000.0,959000000.0,1.6542,21775000000.0,9474000000.0,21775000000.0,0.249036,0.3508,158193750000.0,-782000000.0,-15520000000.0,4055000000.0,-782000000.0,-15520000000.0,4055000000.0,-12247000000.0,804000000.0,2046000000.0,2046000000.0,0.027108,-0.433712,2046000000.0,5751000000.0,48947368.4,804000000.0,32644000000.0,-0.011787,426000000.0,0.010225,0.015284,1247000000.0,2094947368.4,0.075006,0.152894,-0.419625,9871000000.0,-0.08154,-0.252948,3.01263,5572000000.0,0.187418,13702000000.0,0.405926,0.104704,2339000000.0,5483000000.0,,,-63000000.0,-82000000.0,650000000.0,7870000000.0,2851000000.0,-1228000000.0,0.0,2.586,13.7871,2.811,4.7804,0.149321,-7562000000.0,-1346000000.0,3246000000.0,0.2369,894000000.0,,-793000000.0,0.0,36526000000.0,0.07206,-0.081266,-0.011891,0.086172,0.14291,0.145128,0.157019,0.168806,7307000000.0,2226000000.0,0.162458,3594000000.0,12030000000.0,0.041104,6.7881,0.815789,INTC,105467000000.0,87437000000.0,61174000000.0,5572000000.0,27397000000.0,17526000000.0,61174000000.0,61174000000.0,8130000000.0,,22000000.0,43399000000.0,105467000000.0,45426000000.0,25873000000.0,5562000000.0,2568000000.0,-60000000.0,0.0,2508000000.0,13702000000.0,4758100000.0,4722000000.0,4875000000.0
3420000000.0,4426000000.0,736000000.0,-50000000.0,395000000.0,-80000000.0,7.548,13.665,0.5652,0.748663,4782.282222222221,5293.855555555556,0.28,0.28,12.6114,2286000000.0,3885000000.0,0.0,761000000.0,94000000.0,67.202,31.2144240390075,36.1978537946209,0.0,24317000000.0,0.675327,2.3222,0.410848,-0.094943,2807000000.0,,,2809000000.0,2016-06-30,28613000000.0,1.4014,0.4596,0.314878,1917000000.0,1522000000.0,-652000000.0,17037000000.0,0.27,88.8485,,0.032091,0.468806,48.3571,26.7106,0.063365,1192000000.0,3109000000.0,-0.388834,0.229735,-0.309265,-0.588398,0.088081,-0.520515,,0.203593,1.622145e+11,-0.509091,-0.357143,13.4462,7.9451,nm,2.5259,16.5274,8.5094,2.8653,1.703,-29.278215,-0.006211,-0.063,-14141335329.3,16992000000.0,0.589152,340000000.0,-776000000.0,10821000000.0,1.401007,64220000000.0,0.309837,15191000000.0,0.02144,0.9998,4.1081,184000000.0,3333000000.0,1.6575,24053000000.0,8961000000.0,24053000000.0,0.264697,0.3864,159361500000.0,1149000000.0,-4170000000.0,3845000000.0,1149000000.0,-4170000000.0,3845000000.0,824000000.0,1963000000.0,1330000000.0,1330000000.0,-0.5085,-0.349951,1330000000.0,5800000000.0,-280335329.3,1963000000.0,33804000000.0,0.073695,1374000000.0,0.009794,0.014852,1293000000.0,1049664670.7,-0.600444,0.077563,-0.498954,12477000000.0,0.117733,-0.051788,1.681977,5560000000.0,0.097392,13533000000.0,0.491761,0.049786,3273000000.0,4379000000.0,,,-331000000.0,-126000000.0,81000000.0,8065000000.0,3517000000.0,-1233000000.0,0.0,2.5969,15.7815,2.8149,4.7494,0.098278,-5999000000.0,-2286000000.0,3145000000.0,0.232395,890000000.0,,-804000000.0,1414000000.0,37130000000.0,0.025616,-0.012334,-0.000243,0.05555,0.076158,0.077306,0.077549,0.003854,4084000000.0,2007000000.0,0.148304,4560000000.0,13804000000.0,0.050182,6.8956,0.796407,INTC,109831000000.0,90870000000.0,61367000000.0,5560000000.0,31188000000.0,18711000000.0,61367000000.0,61367000000.0,7973000000.0,,478000000.0,47574000000.0,109831000000.0,44839000000.0,28863000000.0,6655000000.0,1318000000.0,352000000.0,0.0,1670000000.0,13533000000.0,4750000000.0,4729000000.0,4866000000.0
3181000000.0,4952000000.0,820000000.0,-532000000.0,,400000000.0,7.9044,12.7973,0.5497,0.68284,5293.855555555556,5446.107142857143,0.71,0.71,12.9414,2463000000.0,4752000000.0,0.52,154000000.0,124000000.0,70.4988,36.1978537946209,35.0452096445588,0.0,25070000000.0,0.688901,1.7228,0.367284,0.013042,1724000000.0,,,3110000000.0,2016-09-30,27616000000.0,1.3596,0.4315,0.301429,74000000.0,74000000.0,1927000000.0,19696000000.0,0.69,88.1538,,0.034815,0.465419,46.1766,28.5216,0.05631,4330000000.0,4404000000.0,-0.307874,0.279123,0.416533,0.059198,0.274433,2.63255,,0.217693,1.8462875e+11,0.078125,1.555556,15.0031,9.0896,254.3508,3.0559,18.0233,9.6735,3.1873,1.7473,-2.272901,0.573778,-0.0876,-6027347846.2,13868000000.0,0.632716,940000000.0,,9524000000.0,0.997229,60418000000.0,0.186994,9518000000.0,-0.059203,1.0407,4.1405,497000000.0,-977000000.0,1.7276,24043000000.0,10211000000.0,24043000000.0,0.262429,0.3757,184106750000.0,-2208000000.0,-2683000000.0,5758000000.0,-2208000000.0,-2683000000.0,5758000000.0,867000000.0,-364000000.0,0.0,3378000000.0,0.086523,1.53985,3378000000.0,5783000000.0,112652153.8,-3583000000.0,34707000000.0,-0.021086,,0.009671,0.01468,1211000000.0,3490652153.8,0.139095,0.221235,2.325493,16123000000.0,0.00401,0.497529,2.337799,5795000000.0,0.282799,15778000000.0,0.349918,0.150848,2612000000.0,5804000000.0,5100000000.0,1881000000.0,-40000000.0,-132000000.0,362000000.0,7691000000.0,2869000000.0,-1231000000.0,0.0,2.917,17.7589,3.1783,4.6348,0.214096,-5247000000.0,-2463000000.0,3069000000.0,0.194511,886000000.0,,-457000000.0,372000000.0,37645000000.0,0.090771,0.165891,-0.022012,0.117683,0.205181,0.208238,0.23025,0.251336,5197000000.0,2006000000.0,0.127139,3573000000.0,13017000000.0,0.038999,8.145,0.782307,INTC,112217000000.0,91617000000.0,63115000000.0,5795000000.0,36216000000.0,20093000000.0,63115000000.0,63115000000.0,9983000000.0,,-12000000.0,48216000000.0,112217000000.0,41294000000.0,28123000000.0,5521000000.0,4462000000.0,-144000000.0,0.0,4318000000.0,15778000000.0,4757700000.0,4734000000.0,4877000000.0
2475000000.0,4690000000.0,,-319000000.0,348000000.0,106000000.0,10.223,12.5329,0.553,0.728189,5446.107142857143,5855.671111111111,0.76,0.76,13.5848,3530000000.0,5560000000.0,,34000000.0,210000000.0,77.7618,35.0452096445588,35.1000879847824,0.0,25373000000.0,0.716801,1.6706,0.382863,0.011255,1718000000.0,,,3465000000.0,2016-12-31,25283000000.0,1.2504,0.3768,0.273652,1930000000.0,1582000000.0,2741000000.0,19840000000.0,0.74,84.3421,,0.036535,0.477414,35.7038,29.1234,0.058343,4422000000.0,6352000000.0,-0.014277,0.387932,0.442325,0.028851,0.270062,0.021247,,0.197748,1.7498625e+11,0.013699,0.072464,14.0777,8.6541,276.1964,2.8637,17.0443,8.0239,2.9465,1.7459,-8.914795,0.004204,-0.1279,-6002006306.3,14099000000.0,0.617137,878000000.0,2268000000.0,9494000000.0,1.004071,61106000000.0,0.187147,9633000000.0,0.011387,1.055,4.3276,84000000.0,-581000000.0,1.6638,20649000000.0,10896000000.0,20649000000.0,0.223496,0.3077,176816250000.0,-3898000000.0,-3444000000.0,8150000000.0,-3898000000.0,-3444000000.0,8150000000.0,808000000.0,-2712000000.0,3562000000.0,3562000000.0,-0.014116,0.05447,3562000000.0,5553000000.0,68993693.7,-6002000000.0,36171000000.0,-0.008357,382000000.0,0.009546,0.013781,1730000000.0,3630993693.7,0.005915,0.221754,0.040205,15206000000.0,0.501474,0.415422,2.308782,6269000000.0,0.276414,16374000000.0,0.340723,0.149341,2956000000.0,6090000000.0,5210000000.0,1920000000.0,434000000.0,-104000000.0,241000000.0,7159000000.0,3538000000.0,-1233000000.0,0.0,2.6699,17.14,2.9774,4.1474,0.21754,-3661000000.0,-3530000000.0,3280000000.0,0.200318,882000000.0,-2069000000.0,-533000000.0,100000000.0,40747000000.0,0.097895,0.037774,-0.030993,0.120297,0.200167,0.202964,0.233956,0.242314,3825000000.0,2158000000.0,0.131794,4634000000.0,11539000000.0,0.050156,8.7452,0.802252,INTC,113327000000.0,92391000000.0,66226000000.0,6269000000.0,35508000000.0,20302000000.0,66226000000.0,66226000000.0,10105000000.0,,18000000.0,46219000000.0,113327000000.0,41648000000.0,25917000000.0,5579000000.0,4526000000.0,-86000000.0,0.0,4440000000.0,16374000000.0,4732100000.0,4730000000.0,4875000000.0
3221000000.0,4921000000.0,772000000.0,0.0,321000000.0,863000000.0,7.291,13.2387,0.5471,0.708741,5855.671111111111,6204.096666666666,0.63,0.63,13.6947,1952000000.0,4934000000.0,0.5325,171000000.0,97000000.0,68.0966,35.1000879847824,33.0746804992754,0.0,25890000000.0,0.715116,1.8241,0.381792,0.210764,1698000000.0,,,2145000000.0,2017-03-31,25751000000.0,1.2131,0.3802,0.275491,1946000000.0,1625000000.0,2531000000.0,19826000000.0,0.61,90.5874,,0.029637,0.43849,50.0614,27.5707,0.063809,3563000000.0,5509000000.0,0.22395,0.37233,-0.132714,0.433226,0.240808,-0.194256,,0.223067,1.7341167e+11,0.452381,-0.175676,12.8387,8.169,13.3052,2.8519,15.8115,8.0094,2.8672,1.7391,1.345963,1.810093,-0.0471,4862182437.7,14099000000.0,0.618208,851000000.0,-1239000000.0,9157000000.0,1.070727,60806000000.0,-0.03286,-2066000000.0,-0.00491,0.978,4.0293,329000000.0,466000000.0,1.7036,20678000000.0,11980000000.0,20678000000.0,0.221219,0.3053,176057670000.0,-1746000000.0,-2778000000.0,3898000000.0,-1746000000.0,-2778000000.0,3898000000.0,-626000000.0,-3524000000.0,2964000000.0,2964000000.0,0.44868,-0.167883,2964000000.0,5801000000.0,-167817562.3,-6916000000.0,36911000000.0,0.054914,227000000.0,0.009393,0.013653,2285000000.0,2796182437.7,0.334727,0.188982,-0.229913,14753000000.0,-0.038718,-0.521718,1.996926,5649000000.0,0.243241,14796000000.0,0.374966,0.131735,2903000000.0,6650000000.0,5138000000.0,1746000000.0,-70000000.0,-36000000.0,45000000.0,7443000000.0,3658000000.0,-1229000000.0,0.0,2.6339,15.6719,2.911,4.0391,0.200324,-5243000000.0,-1952000000.0,3326000000.0,0.22479,878000000.0,,-1242000000.0,80000000.0,40091000000.0,0.079842,-0.096372,-0.006118,0.109588,0.176274,0.178714,0.184832,0.129918,4372000000.0,2104000000.0,0.142201,5073000000.0,12361000000.0,0.054272,8.9301,0.776933,INTC,115648000000.0,93473000000.0,66844000000.0,5649000000.0,36058000000.0,21305000000.0,66844000000.0,66844000000.0,9147000000.0,,252000000.0,47926000000.0,115648000000.0,42679000000.0,26621000000.0,5548000000.0,3599000000.0,216000000.0,0.0,3815000000.0,14796000000.0,4704800000.0,4723000000.0,4881000000.0
3671000000.0,5397000000.0,835000000.0,-3000000.0,313000000.0,1174000000.0,6.5937,12.5646,0.5321,0.667716,6204.096666666666,6432.38375,0.6,0.6,14.1641,2778000000.0,11687000000.0,0.0,968000000.0,183000000.0,68.3399,33.0746804992754,37.6078662129287,0.0,25781000000.0,0.676215,1.9027,0.38373,0.173429,1587000000.0,,,2332000000.0,2017-06-30,31985000000.0,1.3143,0.4602,0.315173,1988000000.0,1675000000.0,36000000.0,25965000000.0,0.58,94.6458,924000000.0,0.039691,0.391756,55.3558,29.0499,0.077763,4230000000.0,6218000000.0,1.0,0.421188,0.128698,2.548658,0.286527,0.187202,,0.385827,1.600153e+11,1.148148,-0.04918,9.6715,6.575,14.2616,2.4554,13.1483,7.1077,2.593,1.7158,1.099032,-0.711973,-0.018,1400440944.9,14102000000.0,0.61627,1764000000.0,141000000.0,8867000000.0,1.080851,65170000000.0,0.014793,950000000.0,0.071769,0.9539,3.8565,77000000.0,6816000000.0,1.7604,27855000000.0,10385000000.0,27855000000.0,0.274477,0.4008,163470300000.0,3484000000.0,-1438000000.0,4707000000.0,3484000000.0,-1438000000.0,4707000000.0,6753000000.0,-4329000000.0,2808000000.0,2808000000.0,1.111278,-0.052632,2808000000.0,6324000000.0,-457559055.1,-4329000000.0,38130000000.0,0.386779,-230000000.0,0.008612,0.013388,2502000000.0,2350440944.9,1.23923,0.159212,-0.159411,21835000000.0,0.224187,0.207542,1.694384,5665000000.0,0.259229,14763000000.0,0.357041,0.152471,2967000000.0,6227000000.0,0.0,0.0,-334000000.0,403000000.0,156000000.0,10006000000.0,3469000000.0,-1287000000.0,0.0,2.3821,12.8595,2.649,3.5805,0.190205,-5237000000.0,-2778000000.0,3275000000.0,0.221838,874000000.0,-512000000.0,-1276000000.0,105000000.0,41670000000.0,0.090889,-0.00223,0.004218,0.101215,0.153997,0.156087,0.151868,-0.23491,5500000000.0,1854000000.0,0.125584,4130000000.0,14242000000.0,0.040696,9.4233,0.614173,INTC,122107000000.0,1.01484e+11,68625000000.0,5665000000.0,40617000000.0,18782000000.0,68625000000.0,68625000000.0,9098000000.0,,342000000.0,52608000000.0,122107000000.0,43360000000.0,33826000000.0,5271000000.0,3827000000.0,745000000.0,0.0,4572000000.0,14763000000.0,4680000000.0,4710000000.0,4845000000.0
3554000000.0,5954000000.0,892000000.0,-14496000000.0,365000000.0,1610000000.0,7.0304,11.3849,0.5189,0.662166,6432.38375,6942.41,0.96,0.96,14.714,2979000000.0,9075000000.0,0.545,1189000000.0,106000000.0,78.134,37.6078662129287,45.853696084937,0.0,26547000000.0,0.68573,2.0553,0.377237,-0.044247,1706000000.0,,,2805000000.0,2017-09-30,31640000000.0,1.2547,0.4406,0.30586,2055000000.0,1690000000.0,-897000000.0,16607000000.0,0.94,97.9911,2200000000.0,0.028324,0.36296,51.9171,32.0599,0.075442,5084000000.0,7139000000.0,0.621026,0.442071,0.148118,0.174134,0.314818,0.201891,,0.238449,1.8868668e+11,0.362319,0.62069,10.9074,7.4822,nm,2.4814,14.9726,8.197,3.0393,1.6738,-0.94541,-9.372837,0.0048,-11725664418.2,24389000000.0,0.622763,1414000000.0,209000000.0,13058000000.0,1.166404,76039000000.0,0.258549,15621000000.0,0.166779,0.9099,3.7248,231000000.0,595000000.0,1.7621,27498000000.0,9903000000.0,27498000000.0,0.26582,0.3829,183583680000.0,-2560000000.0,-6316000000.0,6264000000.0,-2560000000.0,-6316000000.0,6264000000.0,-2612000000.0,4233000000.0,4516000000.0,4516000000.0,0.336886,0.608262,4516000000.0,6929000000.0,-620664418.2,4233000000.0,39472000000.0,-1.909737,-516000000.0,0.00841,0.01293,2943000000.0,3895335581.8,0.115933,0.241212,0.657279,12465000000.0,0.087878,0.330784,2.102719,6092000000.0,0.316738,16149000000.0,0.306025,0.163344,2767000000.0,7590000000.0,0.0,0.0,-20000000.0,-31000000.0,942000000.0,7112000000.0,4152000000.0,-1278000000.0,0.0,2.588,13.2551,2.9571,5.4819,0.279646,-2015000000.0,-2979000000.0,3223000000.0,0.199579,870000000.0,-995000000.0,-1093000000.0,4000000.0,42779000000.0,0.023514,0.093883,0.010191,0.145095,0.226703,0.229673,0.219482,2.129219,10032000000.0,1666000000.0,0.103164,4142000000.0,8429000000.0,0.04004,6.9465,0.761551,INTC,127088000000.0,1.03446e+11,70936000000.0,6092000000.0,33154000000.0,20689000000.0,70936000000.0,70936000000.0,10057000000.0,,846000000.0,55282000000.0,127088000000.0,54462000000.0,34593000000.0,4942000000.0,5115000000.0,815000000.0,0.0,5930000000.0,16149000000.0,4704200000.0,4688000000.0,4821000000.0
2928000000.0,5607000000.0,,,-75000000.0,862000000.0,8.7699,12.1902,0.5306,0.904802,6942.41,7106.665714285715,-0.15,-0.15,14.2749,4069000000.0,3433000000.0,,1496000000.0,238000000.0,84.8879,45.853696084937,52.08,0.0,26074000000.0,0.713758,2.1604,0.368615,-0.076892,1656000000.0,,,3526000000.0,2017-12-31,26813000000.0,1.0381,0.3837,0.277286,53000000.0,128000000.0,-147000000.0,13855000000.0,-0.14,96.5651,,0.023501,0.528278,41.6194,29.9422,0.043018,4824000000.0,4877000000.0,-0.23221,0.285991,-0.316851,0.090909,0.282883,-0.051141,,1.113836,2.289566e+11,-1.189189,-1.148936,12.9347,8.864,nm,3.0612,27.0594,10.3553,3.6481,1.6242,-1.382561,-0.219559,-0.008,-14300144987.6,24389000000.0,0.631385,6722000000.0,,12745000000.0,1.251036,74792000000.0,0.223971,13686000000.0,-0.016399,0.9236,3.7798,133000000.0,-161000000.0,1.7269,25037000000.0,7904000000.0,25037000000.0,0.25892,0.3583,223183600000.0,-7653000000.0,-5230000000.0,7241000000.0,-7653000000.0,-5230000000.0,7241000000.0,-5642000000.0,4907000000.0,0.0,-687000000.0,-1.192869,-1.152126,-687000000.0,6983000000.0,72855012.4,4907000000.0,41109000000.0,-0.133069,,0.008956,0.01276,3046000000.0,-614144987.6,-1.16914,-0.036014,-1.157662,12079000000.0,-0.111534,0.155971,1.779553,6286000000.0,0.316367,17053000000.0,0.315018,0.150091,2908000000.0,7535000000.0,0.0,0.0,424000000.0,-571000000.0,-327000000.0,7602000000.0,7860000000.0,-1278000000.0,0.0,3.2337,23.2459,3.5561,6.9996,-0.040286,-5570000000.0,-4069000000.0,3274000000.0,0.19199,866000000.0,-6767000000.0,-4000000.0,195000000.0,42083000000.0,0.041468,0.055979,-0.000798,-0.021375,-0.033627,-0.034062,-0.033264,0.099804,4736000000.0,1850000000.0,0.108485,1776000000.0,10569000000.0,0.018366,6.5946,-0.113836,INTC,123249000000.0,96698000000.0,69019000000.0,6286000000.0,29500000000.0,17421000000.0,69019000000.0,69019000000.0,10767000000.0,,1211000000.0,53364000000.0,123249000000.0,52640000000.0,35943000000.0,5372000000.0,5395000000.0,640000000.0,0.0,6035000000.0,17053000000.0,4706400000.0,4701000000.0,4835000000.0
