accountspayable,accountsreceivable,accruedexpenses,acquisitions,amortizationexpense,aoci,apturnover,arturnover,assetturnover,augmentedpayoutratio,baseline_price,baseline_price_next_quarter,basicdilutedeps,basiceps,bookvaluepershare,capex,cashandequivalents,cashincometaxespaid,cashinterestpaid,ccc,close_price,close_price_next_quarter,commitmentsandcontingencies,commonequity,commontocap,compoundleveragefactor,costofrevtorevenue,croic,currentdeferredrevenue,currentdeferredtaxassets,currentdeferredtaxliabilities,currentemployeebenefitliabilities,customerdeposits,date,debt,debttoebitda,debttoequity,debttototalcapital,depreciationandamortization,depreciationexpense,dfcfnwc,dfnwc,dilutedeps,dio,divestitures,dividendyield,divpayoutratio,dpo,dso,earningsyield,ebit,ebitda,ebitdagrowth,ebitdamargin,ebitdaqoqgrowth,ebitgrowth,ebitmargin,ebitqoqgrowth,effectofexchangeratechanges,efftaxrate,enterprisevalue,epsgrowth,epsqoqgrowth,evtoebit,evtoebitda,evtofcff,evtoinvestedcapital,evtonopat,evtoocf,evtorevenue,faturnover,fcffgrowth,fcffqoqgrowth,finleverage,freecashflow,goodwill,grossmargin,incometaxexpense,increasedecreaseinoperatingcapital,intangibleassets,interestburdenpct,investedcapital,investedcapitalgrowth,investedcapitalincreasedecrease,investedcapitalqoqgrowth,investedcapitalturnover,invturnover,issuanceofcommonequity,issuanceofdebt,leverageratio,longtermdebt,longterminvestments,ltdebtandcapleases,ltdebttocap,ltdebttoequity,marketcap,marketingexpense,netcashfromcontinuingfinancingactivities,netcashfromcontinuinginvestingactivities,netcashfromcontinuingoperatingactivities,netcashfromfinancingactivities,netcashfrominvestingactivities,netcashfromoperatingactivities,netchangeincash,netdebt,netincome,netincomecontinuing,netincomediscontinued,netincomegrowth,netincomeqoqgrowth,netincometocommon,netinventory,netnonopex,netnonopobligations,netppe,nnep,noncashadjustmentstonetincome,noncontrolinttocap,noncontrollinginterestsharingratio,noncurrentdeferredrevenue,noncurrentdeferredtaxassets,noncurrentdeferredtaxliabilities,nopat,nopatgrowth,nopatmargin,nopatqoqgrowth,nwc,ocfgrowth,ocfqoqgrowth,ocftocapex,operatingcostofrevenue,operatingmargin,operatingrevenue,opextorevenue,oroa,othercurrentassets,othercurrentnonoperatingassets,othercurrentnonoperatingliabilities,otherfinancingactivitiesnet,otherincome,othernoncurrentassets,othernoncurrentliabilities,otherspecialcharges,paymentofdividends,preferreddividends,preferredtocap,prepaidexpenses,pricetobook,pricetoearnings,pricetorevenue,pricetotangiblebook,profitmargin,purchaseofinvestments,purchaseofplantpropertyandequipment,rdexpense,rdextorevenue,redeemablenoncontrollinginterest,repaymentofdebt,repurchaseofcommonequity,retainedearnings,revenuegrowth,revenueqoqgrowth,rnnoa,roa,roce,roe,roic,roicnnepspread,saleofinvestments,saleofplantpropertyandequipment,sgaexpense,sgaextorevenue,shorttermdebt,shortterminvestments,stdebttocap,tangbookvaluepershare,taxburdenpct,ticker,totalassets,totalcapital,totalcommonequity,totalcostofrevenue,totalcurrentassets,totalcurrentliabilities,totalequity,totalequityandnoncontrollinginterests,totalgrossprofit,totalliabilities,totalliabilitiesandequity,totalnoncurrentassets,totalnoncurrentliabilities,totaloperatingexpenses,totaloperatingincome,totalotherincome,totalpreferredequity,totalpretaxincome,totalrevenue,weightedavebasicdilutedsharesos,weightedavebasicsharesos,weightedavedilutedsharesos
,,,-2000000.0,82000000.0,,nm,nm,nm,nm,1537.69,1810.0442857142855,,4.51,nm,263000000.0,,162000000.0,,nm,174.568877401071,211.447718851685,,,nm,nm,0.381557,nm,,,,,,2009-03-31,nm,nm,nm,nm,403000000.0,321000000.0,nm,nm,4.49,nm,,0.0,nm,nm,nm,nm,1890000000.0,2293000000.0,nm,0.416228,nm,nm,0.343075,nm,-57000000.0,0.24709,nm,nm,nm,nm,nm,nm,nm,nm,nm,nm,nm,nm,nm,nm,nm,,0.618443,467000000.0,200000000.0,,1.0,nm,nm,nm,nm,nm,nm,,,nm,,,nm,nm,nm,110300214000.0,434000000.0,-5000000.0,-419000000.0,2250000000.0,-5000000.0,-419000000.0,2250000000.0,1769000000.0,nm,1423000000.0,1423000000.0,,nm,nm,1423000000.0,,-4517460.3,nm,,nm,224000000.0,nm,nm,,,,1418482539.7,nm,0.257485,nm,nm,nm,0.0601,8.555133,2102000000.0,0.341986,5509000000.0,0.276457,nm,,,,-5000000.0,6000000.0,,,,,,nm,,nm,nm,nm,nm,0.258305,-5264000000.0,-263000000.0,642000000.0,0.116537,,,,,nm,nm,nm,nm,nm,nm,nm,nm,5110000000.0,,447000000.0,0.08114,,,nm,nm,0.75291,GOOGL,,nm,,2102000000.0,,,,,3407000000.0,,,,,1523000000.0,1884000000.0,6000000.0,,1890000000.0,5509000000.0,,315500000.0,316900000.0
221914000.0,2701912000.0,961425000.0,-3000000.0,66000000.0,81434000.0,nm,nm,nm,nm,1810.0442857142855,2123.9362499999997,,4.7,99.1367,139000000.0,11911351000.0,851000000.0,,nm,211.447718851685,248.692690511179,,15044419000.0,1.0,1.1128,0.381677,nm,227761000.0,721819000.0,0.0,589862000.0,,2009-06-30,0.0,0.0,0.0,0.0,377000000.0,311000000.0,2489885000.0,21833891000.0,4.66,nm,,0.0,nm,nm,nm,nm,1856000000.0,2233000000.0,nm,0.404309,-0.026167,0.134552,0.336049,-0.017989,42000000.0,0.199892,1.14922802e+11,0.188776,0.037862,nm,nm,nm,9.4533,nm,14.0726,nm,nm,nm,nm,-0.6152,nm,4836913000.0,0.618323,371000000.0,-540000000.0,856386000.0,1.0,12156925000.0,nm,nm,nm,nm,nm,,,1.1128,,93925000.0,0.0,0.0,0.0,134360733000.0,469000000.0,51000000.0,-217000000.0,1609000000.0,51000000.0,-217000000.0,1609000000.0,1485000000.0,-19437931000.0,1484000000.0,1484000000.0,,0.190485,0.04357,1485000000.0,,14401939.7,-19437931000.0,5005900000.0,-0.000741,288000000.0,0.0,nm,31675000.0,124647000.0,1232984000.0,1499401939.7,0.246154,0.271483,0.057046,21833891000.0,nm,-0.284889,11.57554,2108000000.0,0.339308,5523000000.0,0.279015,nm,,,,51000000.0,-18000000.0,406136000.0,298283000.0,,,,0.0,1067116000.0,4.2526,nm,nm,5.1874,0.268876,-5400000000.0,-139000000.0,708000000.0,0.128191,,,,16469003000.0,0.029026,0.002541,nm,nm,nm,nm,nm,nm,5325000000.0,,364000000.0,0.065906,,7432655000.0,0.0,81.2725,0.800108,GOOGL,35158760000.0,31594856000.0,31594856000.0,2108000000.0,23834853000.0,2000962000.0,31594856000.0,31594856000.0,3415000000.0,3563904000.0,35158760000.0,6318007000.0,1562942000.0,1541000000.0,1874000000.0,-18000000.0,0.0,1856000000.0,5523000000.0,,316000000.0,318700000.0
192743000.0,2807341000.0,1045605000.0,-35000000.0,68000000.0,232785000.0,nm,nm,nm,nm,2123.9362499999997,2273.19625,,5.18,105.5454,187000000.0,12087115000.0,440000000.0,,nm,248.692690511179,310.949872467723,,15380990000.0,1.0,1.1181,0.374432,nm,252221000.0,735709000.0,0.0,831205000.0,,2009-09-30,0.0,0.0,0.0,0.0,379000000.0,311000000.0,2037379000.0,24031770000.0,5.13,nm,,0.0,nm,nm,nm,nm,2067000000.0,2446000000.0,0.190251,0.411438,0.095387,0.238628,0.347687,0.113685,31000000.0,0.207063,1.36319312e+11,0.263547,0.100858,nm,nm,nm,11.7345,nm,15.6555,nm,nm,nm,nm,-0.6555,nm,4849217000.0,0.625568,428000000.0,422000000.0,823248000.0,1.0,11616990000.0,nm,nm,-0.044414,nm,nm,,,1.1181,,110372000.0,0.0,0.0,0.0,158424075000.0,498000000.0,29000000.0,-2610000000.0,2726000000.0,29000000.0,-2610000000.0,2726000000.0,176000000.0,-22104763000.0,1639000000.0,1639000000.0,,0.270604,0.103704,1639000000.0,,5550556.4,-22104763000.0,4917491000.0,-0.000251,286000000.0,0.0,nm,35846000.0,233836000.0,1318315000.0,1644550556.4,0.291325,0.276628,0.096804,24031770000.0,0.247621,0.69422,14.57754,2226000000.0,0.348865,5945000000.0,0.276703,nm,,,,29000000.0,-7000000.0,415137000.0,305157000.0,,,,0.0,816103000.0,4.698,nm,nm,5.6481,0.275694,-8969000000.0,-187000000.0,758000000.0,0.127502,,,,18107978000.0,0.072835,0.076408,nm,nm,nm,nm,nm,nm,6581000000.0,,389000000.0,0.065433,,9907276000.0,0.0,87.7912,0.792937,GOOGL,37702845000.0,33721753000.0,33721753000.0,2226000000.0,26353544000.0,2321774000.0,33721753000.0,33721753000.0,3719000000.0,3981092000.0,37702845000.0,6431810000.0,1659318000.0,1645000000.0,2074000000.0,-7000000.0,0.0,2067000000.0,5945000000.0,,316400000.0,319500000.0
216000000.0,3178000000.0,1264000000.0,-68000000.0,68000000.0,105000000.0,44.8929,8.1272,0.6546,0.0,2273.19625,2401.8687499999996,,6.23,112.6886,221000000.0,10198000000.0,443000000.0,,36.7803,310.949872467723,284.438032958959,,15817000000.0,1.0,1.1249,0.360803,0.64831,285000000.0,667000000.0,0.0,982000000.0,,2009-12-31,0.0,0.0,0.0,0.0,365000000.0,297000000.0,1935000000.0,26420000000.0,6.13,0.0,,0.0,0.0,8.1305,44.9108,0.032915,2568000000.0,2933000000.0,nm,0.439467,0.199101,nm,0.384777,0.24238,-5000000.0,0.231698,1.7346961e+11,nm,0.194932,20.698,17.5133,nm,15.23,26.8266,18.6206,7.3346,4.6932,nm,nm,-0.6836,nm,4903000000.0,0.639197,595000000.0,136000000.0,775000000.0,1.0,11390000000.0,nm,nm,-0.019539,2.0765,nm,,,1.1249,,129000000.0,0.0,0.0,0.0,198083610000.0,583000000.0,158000000.0,-4773000000.0,2731000000.0,158000000.0,-4773000000.0,2731000000.0,-1889000000.0,-24614000000.0,1974000000.0,1974000000.0,,nm,0.203783,1973000000.0,,-67610591.9,-24614000000.0,4845000000.0,0.002747,256000000.0,0.0,0.0,42000000.0,263000000.0,1392000000.0,1905389408.1,nm,0.285494,0.158608,26420000000.0,0.286725,0.001834,12.357466,2408000000.0,0.371591,6674000000.0,0.267606,0.251862,,,,158000000.0,88000000.0,415000000.0,312000000.0,,,,0.0,837000000.0,5.5017,30.3809,8.3753,6.5318,0.295625,-9571000000.0,-221000000.0,735000000.0,0.110129,,,,20082000000.0,nm,0.122624,-0.403402,0.193506,0.189419,0.189419,0.592821,0.590074,5087000000.0,,468000000.0,0.070123,0.0,14287000000.0,0.0,94.9171,0.768302,GOOGL,40497000000.0,36004000000.0,36004000000.0,2408000000.0,29167000000.0,2747000000.0,36004000000.0,36004000000.0,4266000000.0,4493000000.0,40497000000.0,6485000000.0,1746000000.0,1786000000.0,2480000000.0,88000000.0,0.0,2568000000.0,6674000000.0,,316200000.0,319500000.0
329000000.0,3084000000.0,1272000000.0,-190000000.0,67000000.0,163000000.0,27.9453,8.0794,0.5812,0.013755,2401.8687499999996,2213.88625,,6.15,118.6702,239000000.0,9192000000.0,179000000.0,,32.1152,284.438032958959,223.163885535845,,16171000000.0,1.0,1.1198,0.361919,nm,293000000.0,399000000.0,450000000.0,578000000.0,,2010-03-31,0.0,0.0,0.0,0.0,331000000.0,264000000.0,1696000000.0,28210000000.0,6.06,0.0,,0.0,0.0,13.0612,45.1764,0.038545,2506000000.0,2837000000.0,0.237244,0.418745,-0.032731,0.325926,0.369889,-0.024143,-43000000.0,0.219872,1.56284912e+11,0.349666,-0.011419,17.3708,14.9569,nm,13.4554,22.3631,16.1953,6.2722,5.2204,nm,nm,-0.6966,nm,5122000000.0,0.638081,551000000.0,17000000.0,790000000.0,1.0,11615000000.0,nm,nm,0.019754,2.1452,nm,,0.0,1.1198,,154000000.0,0.0,0.0,0.0,182952912000.0,607000000.0,-123000000.0,-3424000000.0,2584000000.0,-123000000.0,-3424000000.0,2584000000.0,-1006000000.0,-26668000000.0,1955000000.0,1955000000.0,,0.373858,-0.009123,1955000000.0,,-14042298.5,-26668000000.0,4773000000.0,0.000527,281000000.0,0.0,0.0,36000000.0,446000000.0,1300000000.0,1940957701.5,0.368334,0.286488,0.018667,28210000000.0,0.148444,-0.053826,10.811715,2452000000.0,0.367232,6775000000.0,0.270849,0.214983,,,,-26000000.0,18000000.0,454000000.0,330000000.0,0.0,,,0.0,1135000000.0,4.779,25.9434,7.3425,5.6518,0.288561,-12490000000.0,-239000000.0,818000000.0,0.120738,,0.0,-97000000.0,21949000000.0,0.229806,0.015133,-0.427755,0.167714,0.186831,0.186831,0.614587,0.61406,9495000000.0,,410000000.0,0.060517,,17322000000.0,0.0,100.3441,0.780128,GOOGL,42871000000.0,38283000000.0,38283000000.0,2452000000.0,31132000000.0,2922000000.0,38283000000.0,38283000000.0,4323000000.0,4588000000.0,42871000000.0,6966000000.0,1666000000.0,1835000000.0,2488000000.0,18000000.0,0.0,2506000000.0,6775000000.0,,317900000.0,322600000.0
397000000.0,3308000000.0,1430000000.0,-229000000.0,76000000.0,346000000.0,30.8702,8.7236,0.6301,0.108141,2213.88625,2360.2855555555557,,5.78,126.049,476000000.0,10713000000.0,1130000000.0,,30.0169,223.163885535845,263.709044557573,,17109000000.0,0.933997,1.1523,0.36173,nm,302000000.0,375000000.0,,748000000.0,,2010-06-30,2870000000.0,0.2611,0.0707,0.066003,342000000.0,266000000.0,2225000000.0,32284000000.0,5.71,0.0,,0.0,0.0,11.8237,41.8406,0.051666,2434000000.0,2776000000.0,0.243171,0.407038,-0.021502,0.311422,0.356891,-0.028731,-57000000.0,0.244043,1.1579689e+11,0.225322,-0.057756,12.0937,10.5347,nm,8.8754,15.9126,11.4356,4.4174,5.2819,nm,nm,-0.651,897763948.2,5788000000.0,0.63827,594000000.0,-387000000.0,904000000.0,1.0,13047000000.0,0.073215,890075000.0,0.123289,2.0802,nm,,,1.1523,,377000000.0,0.0,0.0,0.0,143362890000.0,629000000.0,-646000000.0,139000000.0,2085000000.0,-646000000.0,139000000.0,2085000000.0,1521000000.0,-27566000000.0,1840000000.0,1840000000.0,,0.239057,-0.058824,1840000000.0,,-52161051.8,-27566000000.0,4920000000.0,0.002219,290000000.0,0.0,0.0,31000000.0,443000000.0,1318000000.0,1787838948.2,0.192368,0.262146,-0.078888,29414000000.0,0.295836,-0.193111,4.380252,2467000000.0,0.346774,6820000000.0,0.291496,0.224883,,,,58000000.0,69000000.0,452000000.0,336000000.0,0.0,,,0.0,1419000000.0,3.53,19.3551,5.4689,4.2264,0.269795,-13161000000.0,-476000000.0,898000000.0,0.131672,,,-704000000.0,23158000000.0,0.234836,0.006642,-0.353523,0.170002,0.191782,0.191782,0.545305,0.543085,14005000000.0,,461000000.0,0.067595,2870000000.0,19346000000.0,0.066003,105.2793,0.755957,GOOGL,48045000000.0,43483000000.0,40613000000.0,2467000000.0,35161000000.0,5747000000.0,40613000000.0,40613000000.0,4353000000.0,7432000000.0,48045000000.0,7964000000.0,1685000000.0,1988000000.0,2365000000.0,69000000.0,0.0,2434000000.0,6820000000.0,,318300000.0,322200000.0
528000000.0,3616000000.0,1593000000.0,-440000000.0,85000000.0,531000000.0,27.4134,8.5796,0.6053,0.100945,2360.2855555555557,2664.7025,,6.8,134.2326,758000000.0,11257000000.0,645000000.0,,29.2279,263.709044557573,297.904602970505,,17435000000.0,0.896775,1.1822,0.350261,nm,322000000.0,366000000.0,,1104000000.0,,2010-09-30,4983000000.0,0.4295,0.1151,0.103225,342000000.0,257000000.0,1645000000.0,35900000000.0,6.72,0.0,,0.0,0.0,13.3147,42.5425,0.046796,2714000000.0,3056000000.0,0.249387,0.419435,0.100865,0.313014,0.372495,0.115037,137000000.0,0.201548,1.39810275e+11,0.309942,0.176883,13.6774,12.0505,nm,10.3311,18.2293,13.5923,5.0739,5.2871,nm,-0.868954,-0.6734,117648437.7,6099000000.0,0.649739,547000000.0,18000000.0,993000000.0,1.0,13533000000.0,0.164932,1916010000.0,0.03725,2.1913,nm,,2544000000.0,1.1822,,485000000.0,0.0,0.0,0.0,169567275000.0,661000000.0,2067000000.0,-4546000000.0,2886000000.0,2067000000.0,-4546000000.0,2886000000.0,544000000.0,-29757000000.0,2167000000.0,2167000000.0,,0.322148,0.177717,2167000000.0,,-133341562.3,-29757000000.0,5506000000.0,0.005142,359000000.0,0.0,0.0,33000000.0,406000000.0,1098000000.0,2033658437.7,0.236604,0.279119,0.137495,30917000000.0,0.058694,0.384173,3.807388,2552000000.0,0.349575,7286000000.0,0.300165,0.225474,,,,-54000000.0,167000000.0,406000000.0,391000000.0,0.0,,,0.0,1210000000.0,3.917,21.3695,6.1538,4.6844,0.29742,-13078000000.0,-758000000.0,994000000.0,0.136426,,-423000000.0,,25324000000.0,0.225568,0.068328,-0.408418,0.18003,0.203202,0.203202,0.61162,0.606477,9730000000.0,,532000000.0,0.073017,4983000000.0,22998000000.0,0.103225,112.2419,0.798452,GOOGL,53342000000.0,48273000000.0,43290000000.0,2552000000.0,39447000000.0,8530000000.0,43290000000.0,43290000000.0,4734000000.0,10052000000.0,53342000000.0,8389000000.0,1522000000.0,2187000000.0,2547000000.0,167000000.0,0.0,2714000000.0,7286000000.0,,318700000.0,322500000.0
483000000.0,4252000000.0,1846000000.0,-208000000.0,101000000.0,138000000.0,29.8054,7.8926,0.5963,0.09418,2664.7025,2733.241111111111,,7.96,143.0281,2545000000.0,13630000000.0,221000000.0,,33.9998,297.904602970505,294.288440222525,0.0,18235000000.0,0.888106,1.1958,0.349052,0.275575,394000000.0,259000000.0,37000000.0,1410000000.0,,2010-12-31,5826000000.0,0.4779,0.126,0.111894,381000000.0,280000000.0,1667000000.0,37392000000.0,7.82,0.0,,0.0,0.0,12.2461,46.2459,0.04429,3142000000.0,3523000000.0,0.201159,0.417417,0.152814,0.22352,0.372275,0.157701,-56000000.0,0.190643,1.61608501e+11,0.275693,0.16369,14.9693,13.2553,43.1063,10.2161,19.7612,14.5843,5.5117,4.6526,nm,-18.138404,-0.6692,-2016306492.7,6256000000.0,0.650948,599000000.0,262000000.0,1044000000.0,1.0,15819000000.0,0.38885,4429000000.0,0.16892,2.1552,nm,,2702000000.0,1.1958,0.0,523000000.0,0.0,0.0,0.0,192030501000.0,902000000.0,1752000000.0,-2849000000.0,3526000000.0,1752000000.0,-2849000000.0,3526000000.0,2373000000.0,-30422000000.0,2543000000.0,2543000000.0,,0.2889,0.173512,2543000000.0,,-130306492.7,-30422000000.0,7759000000.0,0.004735,340000000.0,0.0,0.0,35000000.0,265000000.0,1200000000.0,2412693507.3,0.266247,0.285864,0.186381,31566000000.0,0.291102,0.22176,1.385462,2946000000.0,0.353199,8440000000.0,0.297749,0.221976,,,,410000000.0,161000000.0,442000000.0,379000000.0,,,,0.0,1326000000.0,4.1528,22.5785,6.5492,4.9313,0.301303,-6326000000.0,-2545000000.0,1052000000.0,0.124645,,-1360000000.0,,27868000000.0,0.264609,0.158386,-0.409112,0.179658,0.206994,0.206994,0.616107,0.611371,6230000000.0,,559000000.0,0.066232,5826000000.0,22095000000.0,0.111894,120.4485,0.809357,GOOGL,57851000000.0,52067000000.0,46241000000.0,2946000000.0,41562000000.0,9996000000.0,46241000000.0,46241000000.0,5494000000.0,11610000000.0,57851000000.0,8530000000.0,1614000000.0,2513000000.0,2981000000.0,161000000.0,0.0,3142000000.0,8440000000.0,,318700000.0,323300000.0
516000000.0,4216000000.0,2335000000.0,-148000000.0,100000000.0,381000000.0,25.8012,8.5263,0.6053,0.084332,2733.241111111111,2695.2611111111114,,5.59,149.7119,890000000.0,12415000000.0,210000000.0,,28.6621,294.288440222525,253.973993387215,,18804000000.0,0.905537,1.1801,0.342391,0.256581,440000000.0,347000000.0,0.0,945000000.0,,2011-03-31,5096000000.0,0.4195,0.1043,0.094463,401000000.0,301000000.0,1824000000.0,39074000000.0,5.51,0.0,,0.0,0.0,14.1466,42.8087,0.043602,2392000000.0,2793000000.0,-0.015509,0.325714,-0.20721,-0.045491,0.27895,-0.238701,145000000.0,0.248328,1.58639788e+11,-0.090759,-0.295396,14.8511,13.0589,44.7286,9.8958,19.9228,13.595,5.0975,4.7798,nm,-0.334202,-0.6827,-2690160535.1,6308000000.0,0.657609,594000000.0,529000000.0,1016000000.0,1.0,16031000000.0,0.380198,4416000000.0,0.013402,2.2514,nm,,2184000000.0,1.1801,,666000000.0,0.0,0.0,0.0,191459788000.0,1026000000.0,-111000000.0,-4421000000.0,3172000000.0,-111000000.0,-4421000000.0,3172000000.0,-1215000000.0,-32820000000.0,1798000000.0,1798000000.0,,-0.080307,-0.292961,1798000000.0,,-72160535.1,-32820000000.0,8249000000.0,0.002426,444000000.0,0.0,0.0,32000000.0,21000000.0,1322000000.0,1725839464.9,-0.110831,0.201264,-0.284684,33978000000.0,0.227554,-0.100397,3.564045,2936000000.0,0.267755,8575000000.0,0.389854,0.168844,,,,140000000.0,96000000.0,390000000.0,423000000.0,500000000.0,,,0.0,1497000000.0,3.9193,22.9348,6.1521,4.6105,0.209679,-8203000000.0,-890000000.0,1226000000.0,0.142974,,-2435000000.0,,29666000000.0,0.265683,0.015995,-0.3077,0.126916,0.145424,0.145424,0.453124,0.450698,4820000000.0,,591000000.0,0.068921,5096000000.0,24835000000.0,0.094463,127.2663,0.751672,GOOGL,59960000000.0,53947000000.0,48851000000.0,2936000000.0,43310000000.0,9332000000.0,48851000000.0,48851000000.0,5639000000.0,11109000000.0,59960000000.0,8401000000.0,1777000000.0,3343000000.0,2296000000.0,96000000.0,0.0,2392000000.0,8575000000.0,,321600000.0,326300000.0
567000000.0,4476000000.0,2409000000.0,-715000000.0,108000000.0,603000000.0,24.0788,8.5629,0.5903,0.0,2695.2611111111114,2502.065555555556,,7.77,159.3838,917000000.0,10320000000.0,654000000.0,,27.467,253.973993387215,258.317401070641,,19216000000.0,0.894407,1.2192,0.351429,0.296073,489000000.0,500000000.0,0.0,1180000000.0,,2011-06-30,6138000000.0,0.4754,0.1181,0.105593,455000000.0,347000000.0,1659000000.0,41797000000.0,7.68,0.0,,0.0,0.0,15.1585,42.6255,0.054564,3085000000.0,3540000000.0,0.275216,0.3922,0.267454,0.267461,0.34179,0.289716,42000000.0,0.188006,1.30288156e+11,0.345009,0.393829,11.4964,10.0905,29.1958,7.6201,15.3036,9.9434,3.9094,4.7873,-2.906567,0.363738,-0.6745,-1711646677.5,6677000000.0,0.648571,580000000.0,114000000.0,1381000000.0,1.0,17098000000.0,0.310493,4051000000.0,0.066559,2.2111,nm,,5846000000.0,1.2192,2985000000.0,893000000.0,2985000000.0,0.051351,0.0574,165181156000.0,1091000000.0,958000000.0,-6614000000.0,3519000000.0,958000000.0,-6614000000.0,3519000000.0,-2095000000.0,-34893000000.0,2506000000.0,2506000000.0,,0.361413,0.393215,2505000000.0,,-165646677.5,-34893000000.0,9003000000.0,0.005304,444000000.0,0.0,0.0,28000000.0,0.0,1598000000.0,2339353322.5,0.308481,0.259179,0.355487,38644000000.0,0.68777,0.109395,3.837514,3172000000.0,0.319189,9026000000.0,0.329382,0.201776,,,,-19000000.0,204000000.0,465000000.0,461000000.0,0.0,,,0.0,1328000000.0,3.1771,18.327,4.9564,3.7598,0.277532,-13789000000.0,-917000000.0,1234000000.0,0.136716,,-4869000000.0,,32172000000.0,0.32346,0.052595,-0.382947,0.163841,0.190128,0.190128,0.573075,0.567771,8807000000.0,,648000000.0,0.071793,3153000000.0,29818000000.0,0.054241,134.6812,0.811994,GOOGL,64861000000.0,58129000000.0,51991000000.0,3172000000.0,46442000000.0,7798000000.0,51991000000.0,51991000000.0,5854000000.0,12870000000.0,64861000000.0,9416000000.0,5072000000.0,2973000000.0,2881000000.0,204000000.0,0.0,3085000000.0,9026000000.0,,322400000.0,326200000.0
563000000.0,4583000000.0,2117000000.0,-487000000.0,129000000.0,232000000.0,22.7901,8.7233,0.5842,0.0,2502.065555555556,2604.3042857142855,,8.44,167.3687,680000000.0,10630000000.0,50000000.0,,25.8264,258.317401070641,323.950002624121,,19697000000.0,0.883087,1.2478,0.347531,0.322641,489000000.0,348000000.0,0.0,1446000000.0,,2011-09-30,7259000000.0,0.5295,0.1324,0.116913,492000000.0,363000000.0,1722000000.0,45427000000.0,8.33,0.0,,0.0,0.0,16.0157,41.8422,0.056748,3360000000.0,3852000000.0,0.260471,0.396296,0.088136,0.238025,0.345679,0.089141,-113000000.0,0.187798,1.31390104e+11,0.239583,0.084635,10.9684,9.5849,26.2511,7.511,14.6557,9.2744,3.6741,4.8621,-13.548276,0.137506,-0.6838,-1476285119.0,6989000000.0,0.652469,631000000.0,238000000.0,1474000000.0,1.0,17493000000.0,0.292618,3960000000.0,0.023102,2.3052,nm,,750000000.0,1.2478,2986000000.0,891000000.0,2986000000.0,0.048092,0.0545,168727104000.0,1204000000.0,-80000000.0,-3447000000.0,3950000000.0,-80000000.0,-3447000000.0,3950000000.0,310000000.0,-37337000000.0,2729000000.0,2729000000.0,,0.259345,0.089421,2729000000.0,,-245285119.0,-37337000000.0,9204000000.0,0.007312,491000000.0,0.0,0.0,31000000.0,0.0,1857000000.0,2483714881.0,0.221304,0.255526,0.06171,41154000000.0,0.368676,0.122478,5.808824,3378000000.0,0.314609,9720000000.0,0.33786,0.201941,,,,-80000000.0,302000000.0,488000000.0,496000000.0,0.0,,,0.0,1406000000.0,3.0773,17.6216,4.7182,3.6389,0.280761,-22454000000.0,-680000000.0,1404000000.0,0.144444,,-750000000.0,,34901000000.0,0.334065,0.076889,-0.397787,0.164017,0.191259,0.191259,0.589046,0.581734,20174000000.0,,676000000.0,0.069547,4273000000.0,33075000000.0,0.068821,141.5354,0.812202,GOOGL,69088000000.0,62089000000.0,54830000000.0,3378000000.0,50042000000.0,8888000000.0,54830000000.0,54830000000.0,6342000000.0,14258000000.0,69088000000.0,9842000000.0,5370000000.0,3284000000.0,3058000000.0,302000000.0,0.0,3360000000.0,9720000000.0,,323300000.0,327600000.0
588000000.0,5427000000.0,2538000000.0,-550000000.0,118000000.0,276000000.0,24.6275,7.8324,0.5813,0.0,2604.3042857142855,3092.6712500000003,,8.37,177.7048,951000000.0,9983000000.0,557000000.0,40000000.0,31.7803,323.950002624121,321.612787866065,0.0,20264000000.0,0.90349,1.2494,0.349773,0.405696,547000000.0,215000000.0,197000000.0,1818000000.0,,2011-12-31,6211000000.0,0.4381,0.1068,0.09651,503000000.0,385000000.0,1699000000.0,47070000000.0,8.24,0.0,,0.0,0.0,14.8209,46.6012,0.046073,3489000000.0,3992000000.0,0.133125,0.377173,0.036345,0.110439,0.329649,0.038393,-52000000.0,0.224706,1.7138848e+11,0.053708,-0.010804,13.9046,12.0892,24.8401,9.4195,18.4772,11.7671,4.5215,4.3664,1.170091,1.23231,-0.6742,342955288.0,7346000000.0,0.650227,784000000.0,92000000.0,1578000000.0,1.0,18195000000.0,0.150199,2376000000.0,0.04013,2.2288,nm,,2125000000.0,1.2494,2986000000.0,790000000.0,2986000000.0,0.046398,0.0514,211338480000.0,1268000000.0,40000000.0,-4559000000.0,3924000000.0,40000000.0,-4559000000.0,3924000000.0,-647000000.0,-39950000000.0,2704000000.0,2704000000.0,,0.063704,-0.008794,2705000000.0,35000000.0,13955288.0,-39950000000.0,9603000000.0,-0.000397,625000000.0,0.0,0.0,44000000.0,,1980000000.0,2718955288.0,0.126938,0.256893,0.094713,43845000000.0,0.112876,-0.006582,4.126183,3702000000.0,0.331349,10584000000.0,0.318878,0.191609,,,,40000000.0,-18000000.0,499000000.0,506000000.0,,,,0.0,1710000000.0,3.6347,21.7047,5.5755,4.2937,0.255574,-18008000000.0,-951000000.0,1298000000.0,0.122638,,-2125000000.0,,37605000000.0,0.254028,0.088889,-0.38626,0.148554,0.1863,0.1863,0.57256,0.572957,14950000000.0,,809000000.0,0.076436,3225000000.0,35388000000.0,0.050112,150.4309,0.775294,GOOGL,72574000000.0,64356000000.0,58145000000.0,3702000000.0,52758000000.0,8913000000.0,58145000000.0,58145000000.0,6882000000.0,14429000000.0,72574000000.0,10213000000.0,5516000000.0,3375000000.0,3507000000.0,-18000000.0,0.0,3489000000.0,10584000000.0,,322700000.0,327200000.0
760000000.0,5163000000.0,2412000000.0,-92000000.0,133000000.0,422000000.0,22.0078,8.5244,0.5831,0.0,3092.6712500000003,2879.0075,,8.88,186.929,607000000.0,23108000000.0,207000000.0,,26.2334,321.612787866065,290.933082554844,,20795000000.0,0.888979,1.2401,0.355942,0.442002,594000000.0,51000000.0,239000000.0,1017000000.0,,2012-03-31,7707000000.0,0.4992,0.1249,0.111021,511000000.0,378000000.0,1971000000.0,51837000000.0,8.75,0.0,,0.0,0.0,16.585,42.8184,0.051153,3545000000.0,4056000000.0,0.452202,0.381024,0.016032,0.482023,0.33302,0.01605,50000000.0,0.184767,1.6865740864e+11,0.588022,0.061893,12.5126,10.9234,21.9903,9.0322,16.3561,11.179,4.2191,4.4113,1.044913,-0.647698,-0.6861,120823695.3,7325000000.0,0.644058,655000000.0,-167000000.0,1541000000.0,1.0,18673000000.0,0.164806,2642000000.0,0.026271,2.3038,nm,,3149000000.0,1.2401,2987000000.0,880000000.0,2987000000.0,0.043029,0.0484,211696408640.0,1269000000.0,1230000000.0,8151000000.0,3694000000.0,1230000000.0,8151000000.0,3694000000.0,13125000000.0,-43039000000.0,2890000000.0,2890000000.0,0.0,0.607341,0.068392,2890000000.0,,-127176304.7,-43039000000.0,9875000000.0,0.003353,460000000.0,0.0,0.0,42000000.0,,2171000000.0,2762823695.3,0.600858,0.259542,0.016134,47117000000.0,0.164565,-0.058614,6.085667,3789000000.0,0.318365,10645000000.0,0.325693,0.194195,,,,-19000000.0,156000000.0,664000000.0,490000000.0,,,,0.0,1779000000.0,3.4304,19.549,5.2957,4.0059,0.271489,-8791000000.0,-607000000.0,1441000000.0,0.135369,,-1900000000.0,,40495000000.0,0.241399,0.005763,-0.407945,0.158314,0.18998,0.18998,0.597925,0.594572,17641000000.0,,757000000.0,0.071113,4720000000.0,26758000000.0,0.067993,160.0734,0.815233,GOOGL,77144000000.0,69419000000.0,61712000000.0,3789000000.0,56859000000.0,9742000000.0,61712000000.0,61712000000.0,6856000000.0,15432000000.0,77144000000.0,10410000000.0,5690000000.0,3467000000.0,3389000000.0,156000000.0,0.0,3545000000.0,10645000000.0,,325299000.0,330136000.0
2419000000.0,6866000000.0,3925000000.0,-10055000000.0,197000000.0,84000000.0,10.4126,7.5394,0.5666,0.0,2879.0075,3140.137142857143,,8.54,195.6541,774000000.0,15437000000.0,796000000.0,37000000.0,13.3586,290.933082554844,378.418140547916,,21357000000.0,0.888512,1.293,0.396121,-0.022378,767000000.0,146000000.0,157000000.0,1626000000.0,,2012-06-30,8121000000.0,0.5057,0.1255,0.111488,670000000.0,473000000.0,1366000000.0,44963000000.0,8.42,0.0,201000000.0,0.0,0.0,35.0537,48.4123,0.057895,3490000000.0,4160000000.0,0.175141,0.352333,0.025641,0.13128,0.295587,-0.015515,-176000000.0,0.188252,1.5536709551e+11,0.096354,-0.037714,11.1904,9.6742,nm,5.5085,14.6571,9.8209,3.6338,4.2945,-3.953927,-71.179713,-0.6118,-8479372206.3,10120000000.0,0.603879,657000000.0,342000000.0,7862000000.0,1.0,28205000000.0,0.649608,11107000000.0,0.51047,1.8876,nm,,4602000000.0,1.293,2987000000.0,1040000000.0,2987000000.0,0.041007,0.0462,191883095510.0,1413000000.0,639000000.0,-12386000000.0,4252000000.0,639000000.0,-12386000000.0,4252000000.0,-7671000000.0,-36516000000.0,2785000000.0,2785000000.0,-48000000.0,0.111776,-0.036332,2785000000.0,634000000.0,-157372206.3,-36516000000.0,10909000000.0,0.004408,455000000.0,0.0,0.0,97000000.0,,3407000000.0,2627627793.7,0.123228,0.222548,-0.048934,39829000000.0,0.208298,0.151056,5.49354,4677000000.0,0.274159,11807000000.0,0.32972,0.16749,,,,-110000000.0,253000000.0,2263000000.0,811000000.0,,,,0.0,2614000000.0,2.9648,17.2728,4.4879,4.1054,0.235877,-7044000000.0,-774000000.0,1538000000.0,0.130262,0.0,-3853000000.0,,43280000000.0,0.30811,0.109159,-0.25432,0.133656,0.165752,0.165752,0.420073,0.415665,5286000000.0,,942000000.0,0.079783,5134000000.0,28160000000.0,0.070481,141.2938,0.797994,GOOGL,86051000000.0,72842000000.0,64721000000.0,4677000000.0,53857000000.0,14028000000.0,64721000000.0,64721000000.0,7130000000.0,21330000000.0,86051000000.0,21285000000.0,7302000000.0,3893000000.0,3237000000.0,253000000.0,,3490000000.0,11807000000.0,,326272000.0,330793000.0
2233000000.0,7259000000.0,4421000000.0,-525000000.0,321000000.0,368000000.0,12.9635,7.8264,0.5836,0.0,3140.137142857143,2998.25,,6.64,204.1657,872000000.0,16260000000.0,681000000.0,1000000.0,18.4812,378.418140547916,354.785187887058,,22204000000.0,0.896048,1.2927,0.44761,-0.037597,905000000.0,230000000.0,45000000.0,1926000000.0,,2012-09-30,7892000000.0,0.4982,0.116,0.103952,828000000.0,507000000.0,1017000000.0,47291000000.0,6.53,0.0,,0.0,0.0,28.1559,46.6371,0.041989,2805000000.0,3633000000.0,-0.056854,0.273076,-0.126683,-0.165179,0.210839,-0.196275,74000000.0,0.23066,2.119544e+11,-0.216086,-0.224466,15.9017,13.3801,nm,7.4154,20.7314,13.3523,4.5739,4.4979,-5.084195,-0.059277,-0.625,-8982007130.1,10485000000.0,0.55239,647000000.0,264000000.0,7754000000.0,1.0,28583000000.0,0.633968,11090000000.0,0.013402,2.0115,nm,,4374000000.0,1.2927,2988000000.0,1063000000.0,2988000000.0,0.039357,0.0439,251399400000.0,1710000000.0,52000000.0,-3307000000.0,4004000000.0,52000000.0,-3307000000.0,4004000000.0,823000000.0,-39445000000.0,2176000000.0,2176000000.0,18000000.0,-0.202638,-0.218671,2176000000.0,618000000.0,-68007130.1,-39445000000.0,11401000000.0,0.001771,736000000.0,0.0,0.0,100000000.0,,3495000000.0,2107992869.9,-0.151274,0.158448,-0.197758,42387000000.0,0.013671,-0.058325,4.591743,5955000000.0,0.205953,13304000000.0,0.346437,0.123037,,,,53000000.0,65000000.0,2206000000.0,685000000.0,,,,0.0,2440000000.0,3.6955,23.8158,5.4251,5.0493,0.16356,-8978000000.0,-872000000.0,1879000000.0,0.141236,0.0,-4375000000.0,,45456000000.0,0.368724,0.126789,-0.198077,0.095447,0.120635,0.120635,0.318712,0.31694,7068000000.0,,1020000000.0,0.076669,4904000000.0,30014000000.0,0.064594,149.4268,0.775758,GOOGL,89730000000.0,75920000000.0,68028000000.0,5955000000.0,56821000000.0,14434000000.0,68028000000.0,68028000000.0,7349000000.0,21702000000.0,89730000000.0,21508000000.0,7268000000.0,4609000000.0,2740000000.0,65000000.0,,2805000000.0,13304000000.0,,661099000.0,333200000.0
2012000000.0,7885000000.0,4729000000.0,104000000.0,323000000.0,538000000.0,13.2123,6.9169,0.5534,0.0,2998.25,3246.57,,-7.65,107.9054,1020000000.0,14778000000.0,350000000.0,36000000.0,30.8811,354.785187887058,398.323586753438,0.0,22835000000.0,0.928325,1.2812,0.267918,0.099401,895000000.0,1144000000.0,240000000.0,2239000000.0,1673000000.0,2012-12-31,5537000000.0,0.3177,0.0772,0.071675,953000000.0,630000000.0,-122000000.0,48666000000.0,-7.54,5.7377,-201000000.0,0.0,0.0,27.6258,52.7692,0.022838,4629000000.0,5582000000.0,0.398297,0.542838,0.536471,0.326741,0.45016,0.650267,55000000.0,0.20674,4.254118218e+11,-1.915049,-2.154671,29.4016,24.4055,189.4108,15.7589,38.5128,25.5979,9.2402,4.2913,-16.324781,0.414862,-0.652,-5255714841.2,10537000000.0,0.732082,957000000.0,193000000.0,7473000000.0,1.0,26995000000.0,0.483649,8800000000.0,-0.055557,2.0376,63.6148,,3984000000.0,1.2812,2988000000.0,1469000000.0,2988000000.0,0.038679,0.0417,470131821800.0,1073000000.0,-692000000.0,-5514000000.0,4669000000.0,-692000000.0,-5514000000.0,4669000000.0,-1482000000.0,-44720000000.0,2886000000.0,2886000000.0,-786000000.0,0.066913,0.326287,2886000000.0,505000000.0,658285158.8,-44720000000.0,11854000000.0,-0.015549,637000000.0,0.0,0.0,100000000.0,,3918000000.0,3544285158.8,0.303547,0.344674,0.681355,46117000000.0,0.189857,0.166084,4.577451,2755000000.0,0.434504,10283000000.0,0.297579,0.24914,,,,-23000000.0,161000000.0,2011000000.0,740000000.0,,,,0.0,2132000000.0,6.5556,43.7861,10.2116,8.754,0.280657,-9627000000.0,-1020000000.0,1225000000.0,0.119129,,-4653000000.0,,48342000000.0,-0.028439,-0.227075,-0.468045,0.155329,0.234255,0.234255,0.702299,0.717849,5230000000.0,,762000000.0,0.074103,2549000000.0,34010000000.0,0.032996,80.8068,0.623461,GOOGL,93798000000.0,77252000000.0,71715000000.0,2755000000.0,60454000000.0,14337000000.0,71715000000.0,71715000000.0,7528000000.0,22083000000.0,93798000000.0,21490000000.0,7746000000.0,3060000000.0,4468000000.0,161000000.0,0.0,4629000000.0,10283000000.0,,654426000.0,664610000.0
2094000000.0,7612000000.0,4444000000.0,-251000000.0,315000000.0,356000000.0,12.9804,7.5687,0.5562,0.0,3246.57,3367.4085714285716,,5.06,112.0898,1203000000.0,15375000000.0,385000000.0,,20.1056,398.323586753438,441.548016426997,,23429000000.0,0.93625,1.2672,0.396572,0.085725,882000000.0,1375000000.0,0.0,1445000000.0,2237000000.0,2013-03-31,5139000000.0,0.283,0.0681,0.06375,899000000.0,584000000.0,908000000.0,51706000000.0,4.97,0.0,,0.0,0.0,28.1194,48.225,0.020931,3882000000.0,4781000000.0,0.178748,0.369161,-0.143497,0.095063,0.299745,-0.161374,-78000000.0,0.09119,4.87618429288e+11,-0.432,1.659151,32.9338,26.8572,241.9622,17.2036,41.7258,29.4491,10.0862,4.3603,-52.850595,-0.191994,-0.6573,-6264780525.5,10595000000.0,0.603428,354000000.0,-1263000000.0,7324000000.0,1.0,28344000000.0,0.517914,9671000000.0,0.049972,2.0565,nm,,2922000000.0,1.2672,2989000000.0,1470000000.0,2989000000.0,0.037079,0.0396,534747429288.0,1435000000.0,-517000000.0,-2441000000.0,3633000000.0,-517000000.0,-2441000000.0,3633000000.0,597000000.0,-47129000000.0,3346000000.0,3346000000.0,-182000000.0,0.157785,0.15939,3346000000.0,648000000.0,60219474.5,-47129000000.0,12300000000.0,-0.001336,651000000.0,0.0,0.0,79000000.0,,4162000000.0,3406219474.5,0.232876,0.263008,-0.038954,49556000000.0,-0.016513,-0.221889,3.01995,5136000000.0,0.289399,12951000000.0,0.31403,0.166722,,,,-116000000.0,134000000.0,2195000000.0,737000000.0,,,,0.0,2375000000.0,7.0853,47.7752,11.0611,9.2912,0.258358,-7870000000.0,-1203000000.0,1617000000.0,0.124855,0.0,-3323000000.0,,51688000000.0,0.216628,0.259457,-0.35638,0.143703,0.184494,0.184494,0.540874,0.54221,6883000000.0,,1015000000.0,0.078372,2150000000.0,35423000000.0,0.026671,85.4772,0.861927,GOOGL,96692000000.0,80612000000.0,75473000000.0,5136000000.0,62808000000.0,13252000000.0,75473000000.0,75473000000.0,7815000000.0,21219000000.0,96692000000.0,21584000000.0,7967000000.0,4067000000.0,3748000000.0,134000000.0,,3882000000.0,12951000000.0,,660908000.0,673326000.0
1758000000.0,7321000000.0,4758000000.0,-1050000000.0,283000000.0,-398000000.0,9.1171,6.9987,0.5303,0.0,3367.4085714285716,3772.8385714285714,,4.85,116.5288,1611000000.0,16164000000.0,411000000.0,35000000.0,21.4726,441.548016426997,439.311111315209,,24334000000.0,0.940495,1.3041,0.396353,0.462391,799000000.0,1220000000.0,0.0,1803000000.0,3211000000.0,2013-06-30,4989000000.0,0.2664,0.0633,0.059505,1030000000.0,747000000.0,-670000000.0,54532000000.0,4.77,9.3546,2351000000.0,0.0,0.0,40.0348,52.1528,0.019533,3701000000.0,4731000000.0,0.13726,0.360952,-0.010458,0.060458,0.282368,-0.046625,-8000000.0,0.250473,5.4394648938e+11,-0.433492,-0.040241,36.222,29.0461,42.5607,20.0904,46.6887,31.9762,10.9567,4.1682,1.43955,1.594931,-0.615,3727111591.5,11396000000.0,0.603647,927000000.0,485000000.0,6558000000.0,1.0,27075000000.0,-0.040064,-1130000000.0,-0.044771,1.7961,39.0184,,2729000000.0,1.3041,1989000000.0,1564000000.0,1989000000.0,0.023723,0.0252,595723489380.0,1583000000.0,-105000000.0,-3803000000.0,4705000000.0,-105000000.0,-3803000000.0,4705000000.0,789000000.0,-51777000000.0,3228000000.0,3228000000.0,454000000.0,0.159066,-0.035266,3228000000.0,342000000.0,-630888408.5,-51777000000.0,12912000000.0,0.014291,-38000000.0,0.0,0.0,132000000.0,,4176000000.0,2597111591.5,-0.011614,0.198147,-0.237538,51532000000.0,0.106538,0.295073,2.920546,5195000000.0,0.264363,13107000000.0,0.339284,0.14974,,,,46000000.0,236000000.0,1891000000.0,704000000.0,,,,0.0,2776000000.0,7.555,51.1966,11.9997,9.7823,0.246281,-15154000000.0,-1611000000.0,1766000000.0,0.134737,0.0,-2880000000.0,,54916000000.0,0.110104,0.012045,-0.210078,0.130603,0.14582,0.14582,0.355897,0.341607,11661000000.0,,1098000000.0,0.083772,3000000000.0,39038000000.0,0.035782,89.9961,0.872197,GOOGL,101182000000.0,83841000000.0,78852000000.0,5195000000.0,66861000000.0,15329000000.0,78852000000.0,78852000000.0,7912000000.0,22330000000.0,101182000000.0,21409000000.0,7001000000.0,4447000000.0,3465000000.0,236000000.0,,3701000000.0,13107000000.0,,664960000.0,676674000.0
2124000000.0,7921000000.0,4543000000.0,-27000000.0,281000000.0,99000000.0,8.4898,6.6001,0.5143,0.0,3772.8385714285714,4159.8133333333335,,4.45,122.3179,2289000000.0,15242000000.0,508000000.0,1000000.0,20.7261,439.311111315209,562.090118347853,,25004000000.0,0.940534,1.2899,0.393267,0.394227,907000000.0,1725000000.0,0.0,1999000000.0,1893000000.0,2013-09-30,5247000000.0,0.2644,0.0632,0.059466,974000000.0,693000000.0,769000000.0,57392000000.0,4.38,8.417,174000000.0,0.0,0.0,42.9928,55.3019,0.020916,3775000000.0,4749000000.0,0.307184,0.345281,0.003805,0.345811,0.274466,0.019995,80000000.0,0.162119,5.410596577e+11,-0.32925,-0.081761,33.8437,27.267,47.0398,18.1747,42.6395,29.9093,10.8007,3.8141,1.218689,-0.472978,-0.6136,1964269668.9,11426000000.0,0.606733,612000000.0,274000000.0,6290000000.0,1.0,29770000000.0,0.041528,1187000000.0,0.099538,1.717,43.3646,,2699000000.0,1.2899,2238000000.0,1843000000.0,2238000000.0,0.025364,0.027,594278657700.0,1628000000.0,-267000000.0,-5818000000.0,5083000000.0,-267000000.0,-5818000000.0,5083000000.0,-922000000.0,-53219000000.0,2970000000.0,2970000000.0,-193000000.0,0.36489,-0.079926,2970000000.0,235000000.0,181269668.9,-53219000000.0,14867000000.0,-0.003912,865000000.0,0.0,0.0,125000000.0,,4531000000.0,3151269668.9,0.494915,0.229117,0.213375,54383000000.0,0.269481,0.08034,2.22062,5409000000.0,0.273448,13754000000.0,0.333285,0.141165,,,,-265000000.0,14000000.0,1784000000.0,710000000.0,,,,0.0,2354000000.0,7.1609,47.81,11.863,9.1045,0.215937,-9193000000.0,-2289000000.0,1821000000.0,0.132398,0.0,-2701000000.0,,57886000000.0,0.033824,0.049363,-0.243782,0.111062,0.149603,0.149603,0.393385,0.397297,5517000000.0,,1135000000.0,0.082521,3009000000.0,41381000000.0,0.034102,96.2062,0.786755,GOOGL,105068000000.0,88236000000.0,82989000000.0,5409000000.0,68858000000.0,14475000000.0,82989000000.0,82989000000.0,8345000000.0,22079000000.0,105068000000.0,21343000000.0,7604000000.0,4584000000.0,3761000000.0,14000000.0,,3775000000.0,13754000000.0,,667232000.0,678470000.0
2453000000.0,8882000000.0,5484000000.0,-120000000.0,279000000.0,125000000.0,9.8513,6.6224,0.5424,0.0,4159.8133333333335,4202.429999999999,19.13,23.9,262.3105,2255000000.0,18898000000.0,628000000.0,36000000.0,18.0649,562.090118347853,558.98051931353,0.0,25922000000.0,0.94333,1.2873,0.398103,0.271749,1062000000.0,1934000000.0,24000000.0,2502000000.0,1374000000.0,2013-12-31,5245000000.0,0.2644,0.0601,0.05667,1036000000.0,757000000.0,1170000000.0,59987000000.0,23.46,0.0,,0.0,0.0,37.051,55.1159,0.034135,4541000000.0,5577000000.0,-0.000896,0.355065,0.174352,-0.019011,0.289107,0.202914,3000000.0,0.186303,3.1747584066e+11,4.111406,4.356164,19.9683,16.0034,39.7668,9.9958,24.9011,17.0146,5.7183,3.9128,0.778882,-1.591637,-0.6305,-1162134111.4,11492000000.0,0.601897,846000000.0,223000000.0,6066000000.0,1.0,31761000000.0,0.176551,4766000000.0,0.066879,1.8898,nm,,2418000000.0,1.2873,2236000000.0,1976000000.0,2236000000.0,0.024159,0.0256,373023840660.0,1908000000.0,32000000.0,-1617000000.0,5238000000.0,32000000.0,-1617000000.0,5238000000.0,3656000000.0,-55548000000.0,3189000000.0,3189000000.0,-506000000.0,0.10499,0.073737,3189000000.0,,414865888.6,-55548000000.0,16524000000.0,-0.008275,790000000.0,0.0,0.0,139000000.0,,4585000000.0,3603865888.6,0.01681,0.229443,0.143623,56978000000.0,0.121868,0.030494,2.322838,6253000000.0,0.281976,15707000000.0,0.319921,0.15681,,,,35000000.0,112000000.0,1976000000.0,743000000.0,,,,0.0,3253000000.0,4.2725,29.2958,6.7189,5.3479,0.20303,-14095000000.0,-2255000000.0,1933000000.0,0.123066,,-2421000000.0,,61262000000.0,0.527473,0.141995,-0.278615,0.110123,0.15499,0.15499,0.433606,0.441881,14853000000.0,,1184000000.0,0.07538,3009000000.0,39919000000.0,0.032511,209.5594,0.702268,GOOGL,110920000000.0,92554000000.0,87309000000.0,6253000000.0,72886000000.0,15908000000.0,87309000000.0,87309000000.0,9454000000.0,23611000000.0,110920000000.0,21510000000.0,7703000000.0,5025000000.0,4429000000.0,112000000.0,0.0,4541000000.0,15707000000.0,665600000.0,332846000.0,332846000.0
1623000000.0,7827000000.0,4979000000.0,-2947000000.0,270000000.0,345000000.0,12.2776,7.5119,0.5439,0.0,4202.429999999999,4378.857142857143,,5.13,133.8432,2345000000.0,16639000000.0,353000000.0,0.0,26.7389,558.98051931353,584.67,,26652000000.0,0.936266,1.2753,0.386576,0.206351,947000000.0,1710000000.0,0.0,1531000000.0,2153000000.0,2014-03-31,6243000000.0,0.3028,0.0681,0.063734,1086000000.0,816000000.0,2624000000.0,62053000000.0,5.04,7.8781,,0.0,0.0,29.7288,48.5897,0.016812,4472000000.0,5558000000.0,0.162518,0.360441,-0.003407,0.151984,0.290013,-0.015195,-5000000.0,0.18381,7.0836662612e+11,0.014085,-0.785166,42.96,34.3617,109.1501,20.4985,55.7644,36.4818,12.2157,3.8432,0.544377,-1.456153,-0.6238,-2854379695.9,14177000000.0,0.613424,822000000.0,-645000000.0,5317000000.0,1.0,34557000000.0,0.2192,6213000000.0,0.088032,1.8438,46.331,,3416000000.0,1.2753,3234000000.0,2123000000.0,3234000000.0,0.033015,0.0353,763675626120.0,1729000000.0,822000000.0,-7307000000.0,4391000000.0,822000000.0,-7307000000.0,4391000000.0,-2099000000.0,-55309000000.0,3452000000.0,3452000000.0,-198000000.0,0.03168,0.082471,3452000000.0,337000000.0,-93379695.9,-57154000000.0,17877000000.0,0.001791,498000000.0,0.0,0.0,103000000.0,,4674000000.0,3358620304.1,-0.013974,0.217809,-0.068051,59044000000.0,0.208643,-0.161703,1.872495,5961000000.0,0.266861,15420000000.0,0.346563,0.157747,,3873000000.0,2028000000.0,-171000000.0,357000000.0,1718000000.0,534000000.0,,,,0.0,2138000000.0,8.327,59.4809,13.1695,10.5747,0.223865,-12250000000.0,-2345000000.0,2126000000.0,0.137873,0.0,-2423000000.0,,64714000000.0,0.190642,-0.018272,-0.249382,0.121767,0.152212,0.152212,0.401594,0.399803,10235000000.0,,1489000000.0,0.096563,3009000000.0,42790000000.0,0.030719,105.3937,0.771914,GOOGL,116526000000.0,97954000000.0,91711000000.0,5961000000.0,75314000000.0,16270000000.0,91711000000.0,91711000000.0,9459000000.0,24815000000.0,116526000000.0,23335000000.0,8545000000.0,5344000000.0,4115000000.0,357000000.0,,4472000000.0,15420000000.0,,672587000.0,685212000.0
1345000000.0,8321000000.0,5369000000.0,-543000000.0,266000000.0,502000000.0,15.2994,7.7785,0.5461,0.0,4378.857142857143,4509.9685714285715,,4.96,139.4335,2646000000.0,19620000000.0,1313000000.0,38000000.0,27.9489,584.67,588.41,,27111000000.0,0.948104,1.276,0.383203,0.145636,882000000.0,2276000000.0,0.0,2102000000.0,3086000000.0,2014-06-30,5241000000.0,0.2453,0.0547,0.051896,1079000000.0,813000000.0,1513000000.0,62817000000.0,4.88,4.8821,,0.0,0.0,23.8572,46.9239,0.032285,4403000000.0,5482000000.0,0.15874,0.343591,-0.013674,0.189678,0.275964,-0.015429,-4000000.0,0.223484,3.43014889e+11,0.023061,-0.031746,19.9532,16.0542,74.7922,9.5529,25.5633,16.8649,5.6384,3.7555,-2.482541,-0.93583,-0.6393,-5525594821.7,14586000000.0,0.616797,984000000.0,540000000.0,5234000000.0,1.0,35907000000.0,0.326205,8832000000.0,0.039066,1.9319,74.7622,,2877000000.0,1.276,3232000000.0,2415000000.0,3232000000.0,0.032003,0.0338,401492889000.0,1941000000.0,-1462000000.0,-1180000000.0,5627000000.0,-1462000000.0,-1180000000.0,5627000000.0,2981000000.0,-58478000000.0,3270000000.0,3270000000.0,-68000000.0,0.038104,-0.029258,3351000000.0,293000000.0,-44594821.7,-59842000000.0,19486000000.0,0.000799,738000000.0,0.0,0.0,93000000.0,,4627000000.0,3306405178.3,0.273109,0.207233,-0.015547,60808000000.0,0.195962,0.281485,2.126606,6114000000.0,0.266876,15955000000.0,0.349922,0.150712,,3668000000.0,2304000000.0,-458000000.0,145000000.0,1982000000.0,810000000.0,,,0.0,0.0,2043000000.0,4.1932,30.9746,6.5996,5.2877,0.210028,-13074000000.0,-2646000000.0,2238000000.0,0.14027,0.0,-3881000000.0,,68136000000.0,0.217288,0.034695,-0.255421,0.114702,0.144923,0.144923,0.400344,0.399545,15083000000.0,,1404000000.0,0.087997,2009000000.0,41684000000.0,0.019893,110.5708,0.761072,GOOGL,121608000000.0,1.0099e+11,95749000000.0,6114000000.0,77905000000.0,17097000000.0,95749000000.0,95749000000.0,9841000000.0,25859000000.0,121608000000.0,24217000000.0,8762000000.0,5583000000.0,4258000000.0,145000000.0,,4403000000.0,15955000000.0,,675600000.0,686700000.0
1368000000.0,8237000000.0,5694000000.0,-1142000000.0,663000000.0,-82000000.0,14.3316,7.8729,0.5511,0.0,4509.9685714285715,4778.2242857142855,4.15,8.1,287.1694,2417000000.0,15605000000.0,716000000.0,18000000.0,24.6423,588.41,530.66,,27948000000.0,0.949651,1.2698,0.405193,0.16879,820000000.0,2329000000.0,0.0,2428000000.0,3402000000.0,2014-09-30,5239000000.0,0.2379,0.053,0.050349,1547000000.0,884000000.0,1222000000.0,64204000000.0,7.96,3.7488,,0.0,0.0,25.4682,46.3617,0.062878,3857000000.0,5404000000.0,0.137924,0.327059,-0.014228,0.021722,0.233432,-0.124006,-227000000.0,0.241898,1.42258881e+11,0.817352,0.631148,8.2359,6.4601,25.165,3.8228,10.8627,6.6945,2.2366,3.5486,-3.351931,0.163922,-0.6316,-4619827586.2,15461000000.0,0.594807,933000000.0,539000000.0,4744000000.0,1.0,37213000000.0,0.250017,7443000000.0,0.036372,1.8991,97.3658,,2874000000.0,1.2698,3230000000.0,2470000000.0,3230000000.0,0.031042,0.0327,202471881000.0,2084000000.0,-455000000.0,-9327000000.0,5994000000.0,-455000000.0,-9327000000.0,5994000000.0,-4015000000.0,-60213000000.0,2739000000.0,2739000000.0,-185000000.0,-0.077778,-0.182632,2739000000.0,279000000.0,84172413.8,-61602000000.0,20981000000.0,-0.001466,1169000000.0,0.0,0.0,154000000.0,,4671000000.0,2823172413.8,-0.104116,0.170863,-0.14615,62195000000.0,0.179225,0.065221,2.479934,6695000000.0,0.225383,16523000000.0,0.369424,0.128633,,3588000000.0,2199000000.0,-452000000.0,133000000.0,2010000000.0,991000000.0,,,0.0,0.0,2700000000.0,2.049,15.9038,3.1833,2.5757,0.165769,-19129000000.0,-2417000000.0,2655000000.0,0.160685,0.0,-2877000000.0,,70949000000.0,0.201323,0.0356,-0.205864,0.091347,0.118629,0.118629,0.324493,0.325959,13361000000.0,,1365000000.0,0.082612,2009000000.0,47377000000.0,0.019307,228.451,0.710137,GOOGL,125781000000.0,1.04054e+11,98815000000.0,6695000000.0,80115000000.0,17920000000.0,98815000000.0,98815000000.0,9828000000.0,26966000000.0,125781000000.0,24685000000.0,9046000000.0,6104000000.0,3724000000.0,133000000.0,,3857000000.0,16523000000.0,660000000.0,338100000.0,344100000.0
1715000000.0,9383000000.0,6360000000.0,-256000000.0,257000000.0,27000000.0,12.3277,7.227,0.5498,0.0,4778.2242857142855,4926.4457142857145,16.76,2.72,151.135,3551000000.0,18347000000.0,756000000.0,30000000.0,20.8967,530.66,554.7,0.0,28767000000.0,0.951997,1.256,0.382312,0.111183,752000000.0,591000000.0,96000000.0,3069000000.0,2778000000.0,2014-12-31,5237000000.0,0.2355,0.0504,0.048003,1267000000.0,1010000000.0,-1384000000.0,63886000000.0,2.69,0.0,386000000.0,0.0,0.0,29.608,50.5047,0.038764,4527000000.0,5794000000.0,0.03891,0.320057,0.072169,-0.003083,0.250069,0.17371,-197000000.0,0.198807,3.01557552e+11,-0.885337,-0.66206,17.4725,13.5605,74.8119,7.4005,23.1649,13.0975,4.569,3.2668,-3.700449,-0.182415,-0.6207,-5462552683.9,15599000000.0,0.617688,900000000.0,134000000.0,4607000000.0,1.0,40748000000.0,0.282957,8987000000.0,0.094994,1.8205,nm,,2458000000.0,1.256,3228000000.0,3079000000.0,3228000000.0,0.029588,0.0311,364669552000.0,2377000000.0,-992000000.0,-3241000000.0,7012000000.0,-992000000.0,-3241000000.0,7012000000.0,2582000000.0,-63112000000.0,4675000000.0,4675000000.0,967000000.0,0.440577,0.677254,4594000000.0,,-1069552683.9,-63112000000.0,23883000000.0,0.018027,936000000.0,0.0,0.0,104000000.0,176000000.0,4098000000.0,3524447316.1,-0.022037,0.194689,0.2484,61877000000.0,0.338679,0.169837,1.974655,6921000000.0,0.242998,18103000000.0,0.374689,0.137479,,,,-988000000.0,128000000.0,3187000000.0,1118000000.0,,,,0.0,3412000000.0,3.5112,25.7972,5.5252,4.3593,0.25377,-14072000000.0,-3606000000.0,2813000000.0,0.155389,,-2462000000.0,,75066000000.0,0.152543,0.095624,-0.208807,0.139513,0.145622,0.145622,0.354429,0.336402,14252000000.0,55000000.0,1593000000.0,0.087996,2009000000.0,46923000000.0,0.018415,121.7317,1.0148,GOOGL,129187000000.0,1.09097e+11,103860000000.0,6921000000.0,78656000000.0,16779000000.0,103860000000.0,103860000000.0,11182000000.0,25327000000.0,129187000000.0,26648000000.0,8548000000.0,6783000000.0,4399000000.0,128000000.0,0.0,4527000000.0,18103000000.0,676000000.0,676000000.0,687200000.0
1688000000.0,8584000000.0,6249000000.0,-64000000.0,239000000.0,-371000000.0,15.7572,8.2675,0.5429,0.0,4926.4457142857145,5082.072857142857,5.16,5.16,157.3535,2927000000.0,16976000000.0,98000000.0,18000000.0,20.9847,554.7,540.04,0.0,29527000000.0,0.953951,1.2486,0.368293,0.109732,699000000.0,1748000000.0,123000000.0,1911000000.0,1657000000.0,2015-03-31,5235000000.0,0.2331,0.0483,0.046049,1177000000.0,938000000.0,1725000000.0,67986000000.0,5.1,0.0,,0.0,0.0,23.1641,44.1488,0.037141,4604000000.0,5781000000.0,0.040122,0.334975,-0.002244,0.029517,0.266775,0.017009,-293000000.0,0.236533,3.1718324e+11,0.011905,0.895911,18.2384,14.1215,74.2218,7.3198,24.3081,12.5097,4.6755,3.1316,-0.884775,0.015137,-0.6109,-5379864248.5,15573000000.0,0.631707,1089000000.0,750000000.0,4380000000.0,1.0,43332000000.0,0.253928,8775000000.0,0.063414,1.7419,nm,,3305000000.0,1.2486,3226000000.0,4090000000.0,3226000000.0,0.028377,0.0297,382299240000.0,2065000000.0,-496000000.0,-7304000000.0,6722000000.0,-496000000.0,-7304000000.0,6722000000.0,-1371000000.0,-65116000000.0,3515000000.0,3515000000.0,,0.01825,-0.234872,3515000000.0,,-119864248.5,-65116000000.0,25448000000.0,0.001961,1280000000.0,0.0,0.0,93000000.0,,5562000000.0,3395135751.5,0.010872,0.196728,-0.03669,65977000000.0,0.530859,-0.041358,2.296549,6356000000.0,0.257678,17258000000.0,0.374029,0.144825,,,,-493000000.0,157000000.0,3596000000.0,1735000000.0,,,,0.0,3720000000.0,3.5252,26.9244,5.6354,4.32,0.203674,-14752000000.0,-2927000000.0,2753000000.0,0.15952,0.0,-3308000000.0,0.0,79292000000.0,0.119196,-0.046677,-0.208139,0.110569,0.13455,0.13455,0.342689,0.340728,10439000000.0,,1637000000.0,0.094855,2009000000.0,49285000000.0,0.017672,128.4025,0.763467,GOOGL,133400000000.0,1.13683e+11,108448000000.0,6356000000.0,80313000000.0,14336000000.0,108448000000.0,108448000000.0,10902000000.0,24952000000.0,133400000000.0,27639000000.0,10616000000.0,6455000000.0,4447000000.0,157000000.0,,4604000000.0,17258000000.0,681200000.0,681200000.0,689200000.0
1315000000.0,9394000000.0,6219000000.0,-78000000.0,223000000.0,-929000000.0,19.9662,7.859,0.5346,0.00318,5082.072857142857,4680.105,4.99,4.99,161.6529,2515000000.0,18453000000.0,136000000.0,30000000.0,28.1627,540.04,637.2,0.0,30722000000.0,0.95528,1.2548,0.371354,0.186246,712000000.0,1316000000.0,948000000.0,2466000000.0,2694000000.0,2015-06-30,5233000000.0,0.2259,0.0468,0.04472,1234000000.0,1011000000.0,-595000000.0,69810000000.0,4.93,0.0,,0.0,0.00318,18.2809,46.4436,0.038178,4956000000.0,6190000000.0,0.12915,0.349185,0.070749,0.125596,0.279574,0.076455,45000000.0,0.20682,3.0385666e+11,0.010246,-0.033333,16.9336,13.1148,41.7744,7.2001,22.3938,11.3278,4.3651,2.9944,0.553368,0.54127,-0.6236,-2467906577.9,15610000000.0,0.628646,1025000000.0,727000000.0,4213000000.0,1.0,42202000000.0,0.175314,6295000000.0,-0.026078,1.7824,nm,,3393000000.0,1.2548,2225000000.0,4409000000.0,2225000000.0,0.019014,0.0199,373437660000.0,2080000000.0,-561000000.0,-5103000000.0,7096000000.0,-561000000.0,-5103000000.0,7096000000.0,1477000000.0,-69581000000.0,3931000000.0,3931000000.0,,0.173083,0.11835,3409000000.0,,-103906577.9,-69581000000.0,27008000000.0,0.001606,1204000000.0,0.0,0.0,108000000.0,,5369000000.0,3827093422.1,0.157479,0.215891,0.127228,66802000000.0,0.261063,0.055638,2.821471,6583000000.0,0.272184,17727000000.0,0.356462,0.149464,,,,-511000000.0,131000000.0,3403000000.0,1960000000.0,,-47000000.0,522000000.0,0.0,3049000000.0,3.3407,26.1933,5.3646,4.0609,0.221752,-19907000000.0,-2515000000.0,2789000000.0,0.157331,0.0,-3396000000.0,,81990000000.0,0.111062,0.027176,-0.238974,0.118552,0.145831,0.145831,0.384805,0.383199,17397000000.0,,1450000000.0,0.081796,3008000000.0,51952000000.0,0.025706,132.9863,0.79318,GOOGL,138807000000.0,1.17016e+11,111783000000.0,6583000000.0,84164000000.0,17362000000.0,111783000000.0,111783000000.0,11144000000.0,27024000000.0,138807000000.0,27635000000.0,9662000000.0,6319000000.0,4825000000.0,131000000.0,,4956000000.0,17727000000.0,683200000.0,683200000.0,691500000.0
1549000000.0,9749000000.0,6497000000.0,-102000000.0,218000000.0,-1592000000.0,18.4415,7.9799,0.5315,0.002934,4680.105,5035.83,5.8,5.8,167.3978,2373000000.0,18068000000.0,2309000000.0,18000000.0,25.9478,637.2,778.01,0.0,31864000000.0,0.956937,1.2558,0.376814,0.205636,705000000.0,2499000000.0,215000000.0,2988000000.0,3266000000.0,2015-09-30,5231000000.0,0.2188,0.045,0.043063,1248000000.0,1030000000.0,-284000000.0,72883000000.0,5.73,0.0,,0.0,0.002934,19.7923,45.7401,0.035024,4891000000.0,6139000000.0,0.13601,0.328728,-0.008239,0.268084,0.261901,-0.013115,-104000000.0,0.186465,3.6972268e+11,-0.280151,0.162272,19.4816,15.467,44.5561,8.5009,25.3636,13.7061,5.152,2.9102,0.46992,0.007711,-0.6247,-2448876916.8,15675000000.0,0.623186,912000000.0,-554000000.0,4023000000.0,1.0,43492000000.0,0.168731,6279000000.0,0.030567,1.7784,nm,,3634000000.0,1.2558,1994000000.0,4813000000.0,1994000000.0,0.016415,0.0172,442471680000.0,2223000000.0,-609000000.0,-5817000000.0,6145000000.0,-609000000.0,-5817000000.0,6145000000.0,-385000000.0,-72749000000.0,3979000000.0,3979000000.0,,0.45272,0.012211,3979000000.0,,-148876916.8,-72749000000.0,28338000000.0,0.002216,1472000000.0,0.0,0.0,133000000.0,,5572000000.0,3830123083.2,0.356673,0.205094,0.000792,69646000000.0,0.025192,-0.134019,2.589549,7037000000.0,0.252102,18675000000.0,0.371084,0.139189,,,,-606000000.0,183000000.0,3329000000.0,1884000000.0,,,0.0,0.0,2688000000.0,3.8065,28.5521,6.1657,4.5832,0.213066,-23329000000.0,-2406000000.0,3230000000.0,0.172959,0.0,-3637000000.0,,85969000000.0,0.130243,0.053478,-0.226477,0.113235,0.138262,0.138262,0.364739,0.362523,19987000000.0,33000000.0,1477000000.0,0.07909,3237000000.0,55099000000.0,0.026648,139.0308,0.813535,GOOGL,144281000000.0,1.21472e+11,116241000000.0,7037000000.0,88103000000.0,18457000000.0,116241000000.0,116241000000.0,11638000000.0,28040000000.0,144281000000.0,27840000000.0,9583000000.0,6930000000.0,4708000000.0,183000000.0,,4891000000.0,18675000000.0,686000000.0,686000000.0,694400000.0
1931000000.0,11556000000.0,7097000000.0,8000000.0,251000000.0,-1874000000.0,15.4493,7.1626,0.5421,0.111757,5035.83,4815.68,7.16,7.16,173.6629,2100000000.0,16549000000.0,1108000000.0,30000000.0,27.3333,778.01,762.9,0.0,32982000000.0,0.958423,1.234,0.38389,0.228354,788000000.0,1903000000.0,302000000.0,3539000000.0,2428000000.0,2015-12-31,5220000000.0,0.2112,0.0434,0.041577,1404000000.0,1153000000.0,513000000.0,74029000000.0,7.08,0.0,,0.0,0.002875,23.6257,50.959,0.029357,5200000000.0,6604000000.0,0.1398,0.309625,0.075745,0.148664,0.2438,0.063177,-82000000.0,0.053269,4.65604129e+11,1.63197,0.235602,23.6937,18.8397,46.5515,9.9378,28.9089,17.5224,6.209,2.8352,0.814997,0.587326,-0.6093,-1010588461.5,15869000000.0,0.61611,277000000.0,-1511000000.0,3847000000.0,1.0,46852000000.0,0.149799,6104000000.0,0.077256,1.7121,nm,,3373000000.0,1.234,1995000000.0,5183000000.0,1995000000.0,0.01589,0.0166,539083129000.0,2679000000.0,-2559000000.0,-5487000000.0,6609000000.0,-2559000000.0,-5487000000.0,6609000000.0,-1519000000.0,-73479000000.0,4923000000.0,4923000000.0,,0.071615,0.237246,4923000000.0,491000000.0,170411538.5,-73479000000.0,29016000000.0,-0.002495,1793000000.0,0.0,0.0,151000000.0,251000000.0,3852000000.0,5093411538.5,0.445166,0.238802,0.32983,70804000000.0,-0.057473,0.075509,3.147143,8188000000.0,0.252239,21329000000.0,0.363871,0.13217,,,,-765000000.0,-180000000.0,3181000000.0,1822000000.0,,,,0.0,2648000000.0,4.48,34.0631,7.1888,5.3579,0.230813,-19056000000.0,-2102000000.0,3510000000.0,0.164565,,-3387000000.0,-1780000000.0,89223000000.0,0.178203,0.142115,-0.250616,0.125129,0.158232,0.158232,0.408848,0.411343,15661000000.0,2000000.0,1572000000.0,0.073702,3225000000.0,56967000000.0,0.025687,145.2085,0.946731,GOOGL,147461000000.0,1.25551e+11,120331000000.0,8188000000.0,90114000000.0,19310000000.0,120331000000.0,120331000000.0,13141000000.0,27130000000.0,147461000000.0,28331000000.0,7820000000.0,7761000000.0,5380000000.0,-180000000.0,0.0,5200000000.0,21329000000.0,684800000.0,684800000.0,692900000.0
1667000000.0,10818000000.0,6744000000.0,-34000000.0,216000000.0,-1294000000.0,17.5595,8.0392,0.5509,0.23034,4815.68,4782.282222222221,6.12,6.12,176.8303,2428000000.0,15111000000.0,,,24.6162,762.9,703.53,0.0,33695000000.0,0.959558,1.2204,0.377549,0.282732,933000000.0,1804000000.0,330000000.0,2618000000.0,2171000000.0,2016-03-31,5208000000.0,0.2048,0.0421,0.040442,1371000000.0,1155000000.0,878000000.0,76492000000.0,6.02,0.0,,0.0,0.002758,20.7865,45.4027,0.030984,5129000000.0,6500000000.0,0.124373,0.320877,-0.015748,0.114031,0.253196,-0.013654,60000000.0,0.179762,4.5713152e+11,0.180392,-0.149718,22.6572,17.974,35.5669,9.6064,26.7223,16.6181,5.8616,2.8048,1.023739,1.126373,-0.6081,127710664.8,15866000000.0,0.622451,922000000.0,242000000.0,3657000000.0,1.0,47586000000.0,0.098172,4254000000.0,0.015666,1.7156,nm,0.0,3956000000.0,1.2204,1987000000.0,5577000000.0,1987000000.0,0.01543,0.0161,533114520000.0,2387000000.0,-2911000000.0,-6245000000.0,7658000000.0,-2911000000.0,-6245000000.0,7658000000.0,-1438000000.0,-75983000000.0,4207000000.0,4207000000.0,,0.196871,-0.14544,4207000000.0,,174710664.8,-75983000000.0,30162000000.0,-0.002476,1838000000.0,0.0,0.0,131000000.0,233000000.0,4411000000.0,4381710664.8,0.290585,0.216306,-0.13973,73271000000.0,0.139244,0.158723,3.154036,7648000000.0,0.263711,20257000000.0,0.35874,0.139477,,,,-807000000.0,-213000000.0,3297000000.0,1965000000.0,,,,0.0,2719000000.0,4.3143,32.2748,6.8359,5.1238,0.207681,-21368000000.0,-2444000000.0,3367000000.0,0.166214,,-3962000000.0,-2098000000.0,91168000000.0,0.173774,-0.05026,-0.22718,0.114405,0.143908,0.143908,0.371088,0.373564,17585000000.0,16000000.0,1513000000.0,0.07469,3221000000.0,60503000000.0,0.025012,148.8924,0.820238,GOOGL,149747000000.0,1.28777e+11,123569000000.0,7648000000.0,90955000000.0,17684000000.0,123569000000.0,123569000000.0,12609000000.0,26178000000.0,149747000000.0,28630000000.0,8494000000.0,7267000000.0,5342000000.0,-213000000.0,0.0,5129000000.0,20257000000.0,687400000.0,687400000.0,698800000.0
1716000000.0,11686000000.0,6847000000.0,-38000000.0,219000000.0,-1151000000.0,20.4573,7.7572,0.5579,0.304292,4782.282222222221,5293.855555555556,7.11,7.11,183.5496,2123000000.0,13627000000.0,,,29.2109,703.53,804.06,0.0,34293000000.0,0.968179,1.223,0.37814,0.289054,900000000.0,576000000.0,185000000.0,3409000000.0,2065000000.0,2016-06-30,4203000000.0,0.1721,0.0329,0.031821,-936000000.0,-1155000000.0,156000000.0,79116000000.0,7.0,0.0,,0.0,0.0,17.8421,47.053,0.036695,6119000000.0,5183000000.0,-0.162682,0.24107,-0.202615,0.234665,0.284605,0.19302,9000000.0,0.202974,4.09572351e+11,0.419878,0.162791,19.1936,16.7679,31.6621,8.6587,22.7089,13.8688,5.0094,2.799,0.860874,-3.688506,-0.6265,-343350874.3,15841000000.0,0.62186,1242000000.0,1209000000.0,3452000000.0,1.0,47302000000.0,0.120847,5100000000.0,-0.005968,1.827,nm,,1797000000.0,1.223,1984000000.0,5820000000.0,1984000000.0,0.015021,0.0155,490149351000.0,2415000000.0,-3440000000.0,-7173000000.0,9120000000.0,-3440000000.0,-7173000000.0,9120000000.0,-1484000000.0,-80577000000.0,4877000000.0,4877000000.0,,0.240651,0.159258,4877000000.0,,-120350874.3,-80577000000.0,31413000000.0,0.001603,3970000000.0,0.0,0.0,151000000.0,253000000.0,4786000000.0,4756649125.7,0.242888,0.221239,0.085569,76897000000.0,0.285231,0.190911,4.295808,8130000000.0,0.277581,21500000000.0,0.344279,0.158783,,,,-803000000.0,151000000.0,3275000000.0,2151000000.0,0.0,,,0.0,3016000000.0,3.8329,27.2517,5.9949,4.5139,0.226837,-25314000000.0,-2136000000.0,3363000000.0,0.156419,,-2839000000.0,-1595000000.0,94737000000.0,0.212839,0.061362,-0.252243,0.126554,0.151957,0.151957,0.4042,0.402597,20302000000.0,13000000.0,1624000000.0,0.075535,2219000000.0,65333000000.0,0.0168,155.8576,0.797026,GOOGL,154292000000.0,1.32082e+11,127879000000.0,8130000000.0,94238000000.0,17341000000.0,127879000000.0,127879000000.0,13370000000.0,26413000000.0,154292000000.0,28641000000.0,9072000000.0,7402000000.0,5968000000.0,151000000.0,0.0,6119000000.0,21500000000.0,685900000.0,685900000.0,696700000.0
2175000000.0,11979000000.0,7382000000.0,-252000000.0,219000000.0,-1032000000.0,17.543,7.8734,0.5623,0.287025,5293.855555555556,5446.107142857143,7.36,7.36,192.0971,2357000000.0,9406000000.0,,,25.5524,804.06,792.45,0.0,35337000000.0,0.971472,1.2152,0.387466,0.285635,923000000.0,416000000.0,171000000.0,3672000000.0,0.0,2016-09-30,3938000000.0,0.1389,0.0294,0.028528,4022000000.0,3803000000.0,1167000000.0,84223000000.0,7.25,0.0,,0.0,0.0,20.8061,46.3584,0.03397,6045000000.0,10067000000.0,0.639844,0.448399,0.942311,0.235944,0.269253,-0.012093,68000000.0,0.162779,4.76491286e+11,0.265271,0.035714,21.184,16.8051,35.963,9.6691,25.0291,14.3383,5.5706,2.8003,0.608087,-1.795238,-0.6294,-959747394.5,16028000000.0,0.612534,984000000.0,1392000000.0,3367000000.0,1.0,49280000000.0,0.133082,5788000000.0,0.041816,1.844,nm,,2976000000.0,1.2152,3938000000.0,5705000000.0,3938000000.0,0.028528,0.0294,561314286000.0,2565000000.0,-1089000000.0,-13045000000.0,9845000000.0,-1089000000.0,-13045000000.0,9845000000.0,-4221000000.0,-84823000000.0,5061000000.0,5061000000.0,,0.271928,0.037728,5061000000.0,559000000.0,-232747394.5,-84823000000.0,32753000000.0,0.002954,-630000000.0,0.0,0.0,169000000.0,273000000.0,4854000000.0,4828252605.5,0.2606,0.215057,0.015053,84223000000.0,0.602116,0.079496,4.17692,8699000000.0,0.256871,22451000000.0,0.355663,0.151406,,,,-815000000.0,278000000.0,3276000000.0,2561000000.0,0.0,,,0.0,2536000000.0,4.1857,29.4375,6.5622,4.8934,0.225424,-27567000000.0,-2554000000.0,3596000000.0,0.160171,,-3250000000.0,,99798000000.0,0.202195,0.044233,-0.247751,0.126761,0.14882,0.14882,0.396571,0.393617,17131000000.0,197000000.0,1824000000.0,0.081244,0.0,73650000000.0,0.0,164.3146,0.837221,GOOGL,159948000000.0,1.38041e+11,134103000000.0,8699000000.0,98546000000.0,14323000000.0,134103000000.0,134103000000.0,13752000000.0,25845000000.0,159948000000.0,28649000000.0,11522000000.0,7985000000.0,5767000000.0,278000000.0,0.0,6045000000.0,22451000000.0,687600000.0,687600000.0,698100000.0
2041000000.0,14137000000.0,9086000000.0,-662000000.0,223000000.0,-2402000000.0,17.6928,7.027,0.5732,0.189599,5446.107142857143,5855.671111111111,7.73,7.73,198.7933,3064000000.0,12918000000.0,1643000000.0,84000000.0,35.255,792.45,847.8,0.0,36307000000.0,0.972477,1.2143,0.409032,0.311846,1099000000.0,95000000.0,554000000.0,3976000000.0,,2016-12-31,3935000000.0,0.1299,0.0283,0.027523,1687000000.0,1464000000.0,2319000000.0,88652000000.0,7.58,3.9421,,0.0,0.0,20.6298,51.9427,0.035144,6857000000.0,8544000000.0,0.293761,0.327808,-0.151286,0.318654,0.263083,0.134326,-307000000.0,0.222255,4.6596353e+11,0.070621,0.045517,19.2946,15.3814,30.6153,9.1797,24.3603,12.9305,5.1618,2.8545,2.242297,2.308106,-0.6237,1255451509.4,16468000000.0,0.590968,1524000000.0,419000000.0,3307000000.0,1.0,50760000000.0,0.083412,3908000000.0,0.030032,1.8496,92.5903,,,1.2143,3935000000.0,5878000000.0,3935000000.0,0.027523,0.0283,554239530000.0,3118000000.0,-892000000.0,-4702000000.0,9410000000.0,-892000000.0,-4702000000.0,9413000000.0,3512000000.0,-88276000000.0,5333000000.0,5333000000.0,,0.083283,0.053744,5333000000.0,268000000.0,-169548490.6,-88276000000.0,34234000000.0,0.002096,1971000000.0,0.0,0.0,202000000.0,383000000.0,4903000000.0,5163451509.4,0.013751,0.198107,0.069424,88652000000.0,0.42427,-0.04388,3.072128,10661000000.0,0.254719,26064000000.0,0.336249,0.150808,4575000000.0,,,-879000000.0,218000000.0,1819000000.0,2665000000.0,,,,0.0,,3.9863,28.4546,6.1397,4.6473,0.204612,-13797000000.0,-3078000000.0,3622000000.0,0.138966,,-13000000.0,,105131000000.0,0.221998,0.160928,-0.227211,0.11729,0.139208,0.139208,0.36642,0.364323,12821000000.0,14000000.0,2024000000.0,0.077655,,73415000000.0,0.0,170.519,0.777745,GOOGL,167497000000.0,1.42971e+11,139036000000.0,10661000000.0,105408000000.0,16756000000.0,139036000000.0,139036000000.0,15403000000.0,28461000000.0,167497000000.0,27855000000.0,11705000000.0,8764000000.0,6639000000.0,218000000.0,0.0,6857000000.0,26064000000.0,687800000.0,687800000.0,699400000.0
2306000000.0,12913000000.0,8326000000.0,-101000000.0,216000000.0,-2169000000.0,18.7692,7.9866,0.5877,0.131517,5855.671111111111,6204.096666666666,7.85,7.85,206.5095,2467000000.0,18132000000.0,,,26.2548,847.8,929.68,0.0,37698000000.0,0.973557,1.201,0.395758,0.352347,1148000000.0,56000000.0,803000000.0,2673000000.0,,2017-03-31,3937000000.0,0.1226,0.0272,0.026443,1503000000.0,1287000000.0,1099000000.0,93538000000.0,7.73,0.0,,0.0,0.0,19.4468,45.7016,0.034781,6819000000.0,8322000000.0,0.280308,0.336242,-0.025983,0.329499,0.275515,-0.005542,191000000.0,0.204282,5.0043782e+11,0.284053,0.019789,19.3668,15.5822,29.0147,9.9459,25.0498,13.1951,5.2808,2.8674,18.54633,0.988348,-0.6354,2496274820.4,16547000000.0,0.604242,1393000000.0,534000000.0,3137000000.0,1.0,50316000000.0,0.05737,2730000000.0,-0.008747,1.9359,nm,480000000.0,0.0,1.201,3937000000.0,6131000000.0,3937000000.0,0.026443,0.0272,595070820000.0,2644000000.0,-1674000000.0,-2851000000.0,9548000000.0,-1674000000.0,-2851000000.0,9548000000.0,5214000000.0,-94633000000.0,5426000000.0,5426000000.0,,0.289755,0.017439,5426000000.0,280000000.0,-199725179.6,-94633000000.0,35936000000.0,0.002341,2085000000.0,0.0,0.0,323000000.0,365000000.0,5528000000.0,5226274820.4,0.192748,0.211163,0.012167,93538000000.0,0.246801,0.014342,3.870288,9795000000.0,0.265374,24750000000.0,0.338869,0.161916,,,,-1009000000.0,251000000.0,1846000000.0,2763000000.0,,,,0.0,3106000000.0,4.1054,28.7515,6.2794,4.7505,0.219232,-20473000000.0,-2508000000.0,3942000000.0,0.159273,,-18000000.0,-1127000000.0,109420000000.0,0.2218,-0.050414,-0.258259,0.128839,0.150534,0.150534,0.408793,0.406452,20190000000.0,41000000.0,1801000000.0,0.072768,,74307000000.0,0.0,178.4656,0.795718,GOOGL,172756000000.0,1.48886e+11,144949000000.0,9795000000.0,108794000000.0,15256000000.0,144949000000.0,144949000000.0,14955000000.0,27807000000.0,172756000000.0,28026000000.0,12551000000.0,8387000000.0,6568000000.0,251000000.0,0.0,6819000000.0,24750000000.0,691200000.0,691200000.0,701900000.0
2488000000.0,14003000000.0,11567000000.0,-42000000.0,201000000.0,-1728000000.0,18.8049,7.729,0.5964,0.141904,6204.096666666666,6432.38375,5.09,5.09,210.8132,2818000000.0,15711000000.0,,,27.815,929.68,973.72,0.0,38509000000.0,0.974021,1.2055,0.398808,0.304797,1226000000.0,874000000.0,133000000.0,3271000000.0,,2017-06-30,3955000000.0,0.1309,0.0267,0.025979,-1086000000.0,-1287000000.0,-1012000000.0,93701000000.0,5.01,0.0,,0.0,0.0,19.4098,47.2248,0.029581,4377000000.0,3291000000.0,-0.36504,0.126528,-0.604542,-0.284687,0.168281,-0.358117,88000000.0,0.194882,5.56536912e+11,-0.284286,-0.351876,23.0947,18.4137,37.1925,10.9369,30.0057,15.3701,5.606,2.8738,0.250755,-1.103055,-0.6445,-257253826.8,16604000000.0,0.601192,853000000.0,209000000.0,2933000000.0,1.0,50886000000.0,0.075768,3584000000.0,0.011328,2.0221,nm,,,1.2055,3955000000.0,6642000000.0,3955000000.0,0.025979,0.0267,653936912000.0,2897000000.0,-2740000000.0,-7172000000.0,7403000000.0,-2740000000.0,-7172000000.0,7403000000.0,-2421000000.0,-97400000000.0,3524000000.0,3524000000.0,,-0.277425,-0.350534,3524000000.0,398000000.0,-197253826.8,-97400000000.0,37676000000.0,0.002217,4756000000.0,0.0,0.0,345000000.0,376000000.0,4497000000.0,3326746173.2,-0.300611,0.127903,-0.363457,93701000000.0,-0.188268,-0.224654,2.62704,10373000000.0,0.158862,26010000000.0,0.44233,0.100363,,,,-1084000000.0,245000000.0,2004000000.0,2853000000.0,2736000000.0,,,0.0,2398000000.0,4.41,33.8057,6.5871,5.0792,0.135486,-19897000000.0,-2831000000.0,4172000000.0,0.1604,,-38000000.0,-1618000000.0,111505000000.0,0.209767,0.050909,-0.165252,0.080804,0.093385,0.093385,0.258637,0.25642,15585000000.0,13000000.0,1700000000.0,0.065359,,79002000000.0,0.0,183.0381,0.805118,GOOGL,178621000000.0,1.52241e+11,148286000000.0,10373000000.0,112386000000.0,18685000000.0,148286000000.0,148286000000.0,15637000000.0,30335000000.0,178621000000.0,28559000000.0,11650000000.0,11505000000.0,4132000000.0,245000000.0,0.0,4377000000.0,26010000000.0,692300000.0,692300000.0,703400000.0
2674000000.0,15295000000.0,12507000000.0,-130000000.0,200000000.0,-746000000.0,17.3137,7.67,0.5986,0.130621,6432.38375,6942.41,9.71,9.71,223.3438,3511000000.0,10581000000.0,,,32.2626,973.72,1053.4,0.0,39609000000.0,0.975389,1.2001,0.401411,0.309089,1269000000.0,282000000.0,221000000.0,4022000000.0,,2017-09-30,3964000000.0,0.1216,0.0252,0.024611,4472000000.0,4272000000.0,-1491000000.0,98652000000.0,9.57,5.7562,,0.0,0.0,21.0816,47.5879,0.030683,7979000000.0,12451000000.0,0.236813,0.448329,2.783349,0.319934,0.287304,0.822938,108000000.0,0.156285,5.81466648e+11,0.32,0.91018,22.3366,17.832,36.5528,10.8377,28.6725,16.0467,5.5592,2.8706,3.285797,9.527718,-0.6465,2193788194.0,16731000000.0,0.598589,1247000000.0,-582000000.0,2883000000.0,1.0,53652000000.0,0.088718,4372000000.0,0.054357,2.0323,63.4094,320000000.0,2698000000.0,1.2001,3964000000.0,7269000000.0,3964000000.0,0.024611,0.0252,684914648000.0,3042000000.0,-706000000.0,-14404000000.0,9872000000.0,-706000000.0,-14404000000.0,9872000000.0,-5130000000.0,-1.03448e+11,6732000000.0,6732000000.0,,0.330172,0.910329,6732000000.0,765000000.0,-166211806.0,-1.03448e+11,40120000000.0,0.001766,-750000000.0,0.0,0.0,346000000.0,505000000.0,4509000000.0,6565788194.0,0.359868,0.236418,0.973637,98652000000.0,0.002743,0.333513,2.811735,11148000000.0,0.28021,27772000000.0,0.318378,0.171973,2860000000.0,,,-1018000000.0,197000000.0,2683000000.0,2924000000.0,0.0,,,0.0,,4.3597,32.5917,6.5482,4.9817,0.242402,-39210000000.0,-3538000000.0,4205000000.0,0.151411,,-2706000000.0,,118237000000.0,0.237005,0.067743,-0.309502,0.145096,0.170977,0.170977,0.480479,0.478713,28447000000.0,27000000.0,1595000000.0,0.057432,,89562000000.0,0.0,195.4592,0.843715,GOOGL,189536000000.0,1.61064e+11,157100000000.0,11148000000.0,119345000000.0,20693000000.0,157100000000.0,157100000000.0,16624000000.0,32436000000.0,189536000000.0,30071000000.0,11743000000.0,8842000000.0,7782000000.0,197000000.0,0.0,7979000000.0,27772000000.0,693300000.0,693300000.0,703400000.0
3137000000.0,18336000000.0,14152000000.0,-14000000.0,195000000.0,-992000000.0,17.6064,6.8275,0.6078,0.38272,6942.41,7106.665714285715,-4.38,-4.38,216.8069,4289000000.0,10715000000.0,6191000000.0,84000000.0,36.8008,1053.4,1037.14,0.0,40247000000.0,0.974634,1.2513,0.441388,0.331071,1432000000.0,369000000.0,881000000.0,4581000000.0,,2017-12-31,3969000000.0,0.1164,0.026,0.025366,2026000000.0,1831000000.0,-1746000000.0,1.00125e+11,-4.31,4.0717,,0.0,0.0,20.7311,53.4601,0.017089,8018000000.0,10044000000.0,0.175562,0.310738,-0.193318,0.169316,0.248059,0.004888,18000000.0,1.376653,6.3524656e+11,-1.568602,-1.450366,23.3607,18.6246,39.3403,13.5774,52.1785,17.1267,5.7304,2.8937,-0.134706,-0.504813,-0.6654,1086334996.3,16747000000.0,0.558612,11038000000.0,9343000000.0,2692000000.0,1.0,46787000000.0,-0.07827,-3973000000.0,-0.127954,2.2729,89.6421,,1593000000.0,1.2513,3969000000.0,7813000000.0,3969000000.0,0.025366,0.026,740961560000.0,4310000000.0,-3178000000.0,-6974000000.0,10289000000.0,-3178000000.0,-6974000000.0,10268000000.0,134000000.0,-1.05715e+11,-3020000000.0,-3020000000.0,,-1.566285,-1.448604,-3020000000.0,749000000.0,133334996.3,-1.05715e+11,42383000000.0,-0.001375,1940000000.0,0.0,0.0,340000000.0,680000000.0,13242000000.0,-2886665003.7,-1.559057,-0.089307,-1.439652,1.00125e+11,0.090832,0.040113,2.394031,14267000000.0,0.237107,32323000000.0,0.321505,0.150763,2983000000.0,,,-1055000000.0,354000000.0,2672000000.0,3059000000.0,,,,0.0,,4.8587,58.5185,6.6841,5.5685,-0.093432,-14360000000.0,-4307000000.0,4306000000.0,0.133218,,-1615000000.0,-2101000000.0,113247000000.0,0.24014,0.16387,0.13415,-0.056785,-0.068831,-0.068831,-0.202981,-0.201607,11689000000.0,18000000.0,1776000000.0,0.054945,,91156000000.0,0.0,189.1712,-0.376653,GOOGL,197295000000.0,1.56471e+11,152502000000.0,14267000000.0,124308000000.0,24183000000.0,152502000000.0,152502000000.0,18056000000.0,44793000000.0,197295000000.0,30604000000.0,20610000000.0,10392000000.0,7664000000.0,354000000.0,0.0,8018000000.0,32323000000.0,693000000.0,693000000.0,703400000.0
